trade_id,price,1,2,3,4,5,6
3741197,111540.80000000,0.06290000,3927753,3927753,1675209782646,True,True
3741198,111487.80000000,0.03640000,3927754,3927754,1675209910289,False,True
3741199,111324.00000000,0.01220000,3927755,3927755,1675210033055,True,True
3741200,111531.60000000,0.22610000,3927756,3927756,1675210073560,False,True
3741201,111407.10000000,0.01900000,3927757,3927757,1675211134673,True,True
3741202,111323.90000000,0.00710000,3927758,3927758,1675211362483,True,True
3741203,111264.00000000,0.07290000,3927759,3927759,1675211362483,True,True
3741204,111111.00000000,0.00230000,3927760,3927760,1675211452680,True,True
3741205,111110.50000000,0.22500000,3927761,3927761,1675211471223,False,True
3741206,111331.10000000,0.00270000,3927762,3927762,1675211940112,True,True
3741207,111432.50000000,0.00670000,3927763,3927763,1675212408468,True,True
3741208,111408.00000000,0.00970000,3927764,3927764,1675213405619,True,True
3741209,111407.90000000,0.00050000,3927765,3927765,1675213405619,True,True
3741210,111314.90000000,0.10270000,3927766,3927766,1675213532220,True,True
3741211,111514.10000000,0.10270000,3927767,3927767,1675213731459,False,True
3741212,111398.00000000,0.06300000,3927768,3927768,1675214213030,True,True
3741213,111384.60000000,0.00800000,3927769,3927769,1675214234521,True,True
3741214,111384.60000000,0.06300000,3927770,3927770,1675214236435,True,True
3741215,111310.00000000,0.12620000,3927771,3927771,1675214284758,True,True
3741216,111332.30000000,0.06310000,3927772,3927772,1675214324918,True,True
3741217,111332.30000000,0.00170000,3927773,3927773,1675214837453,True,True
3741218,111256.60000000,0.12200000,3927774,3927774,1675214837453,True,True
3741219,111256.70000000,0.17070000,3927775,3927775,1675214840241,True,True
3741220,111256.60000000,0.03640000,3927776,3927776,1675214840241,True,True
3741221,111285.90000000,0.00340000,3927777,3927777,1675214858509,True,True
3741222,111345.40000000,0.00790000,3927778,3927778,1675214860532,False,True
3741223,111334.00000000,0.00100000,3927779,3927779,1675214881224,True,True
3741224,111195.60000000,0.12640000,3927780,3927780,1675214885859,True,True
3741225,111153.90000000,0.01220000,3927781,3927781,1675214901347,True,True
3741226,111287.60000000,0.20530000,3927782,3927782,1675214961651,True,True
3741227,111146.50000000,0.09610000,3927783,3927783,1675215117201,True,True
3741228,111230.50000000,0.05770000,3927784,3927784,1675215239799,True,True
3741229,111359.50000000,0.03850000,3927785,3927785,1675215307918,False,True
3741230,111597.00000000,0.00500000,3927786,3927786,1675215815926,False,True
3741231,111670.40000000,0.24610000,3927787,3927787,1675215870435,False,True
3741232,111923.80000000,0.12560000,3927788,3927788,1675216038678,False,True
3741233,111923.80000000,0.03890000,3927789,3927789,1675216044697,False,True
3741234,111923.80000000,0.16300000,3927790,3927790,1675216048853,False,True
3741235,111923.80000000,0.27180000,3927791,3927791,1675216050770,False,True
3741236,111880.00000000,0.41700000,3927792,3927792,1675216085655,True,True
3741237,111840.20000000,0.00380000,3927793,3927793,1675216275011,True,True
3741238,111840.20000000,0.11310000,3927794,3927794,1675216280162,True,True
3741239,111840.20000000,0.11310000,3927795,3927795,1675216280236,True,True
3741240,111840.20000000,0.04770000,3927796,3927796,1675216280352,True,True
3741241,111840.20000000,0.10690000,3927797,3927797,1675216285727,True,True
3741242,111840.20000000,0.07730000,3927798,3927798,1675216324542,True,True
3741243,111840.20000000,0.13730000,3927799,3927799,1675216351148,True,True
3741244,111298.40000000,0.03060000,3927800,3927800,1675218466261,True,True
3741245,111238.20000000,0.00390000,3927801,3927801,1675218606263,False,True
3741246,111224.60000000,0.04660000,3927802,3927802,1675218658495,True,True
3741247,111355.40000000,0.01000000,3927803,3927803,1675219560840,True,True
3741248,111427.40000000,0.00500000,3927804,3927804,1675219710408,True,True
3741249,111378.90000000,0.00200000,3927805,3927805,1675219759502,True,True
3741250,111384.50000000,0.24930000,3927806,3927806,1675219836607,True,True
3741251,111130.00000000,0.00840000,3927807,3927807,1675221426817,True,True
3741252,111000.00000000,0.95570000,3927808,3927808,1675221980417,True,True
3741253,111000.00000000,0.04430000,3927809,3927809,1675222044738,True,True
3741254,110979.70000000,0.09550000,3927810,3927810,1675222044738,True,True
3741255,111063.00000000,0.12640000,3927811,3927811,1675222104662,False,True
3741256,111063.00000000,0.06380000,3927812,3927812,1675222107996,False,True
3741257,111063.00000000,0.15780000,3927813,3927813,1675222117419,False,True
3741258,111062.70000000,0.62400000,3927814,3927814,1675222128223,False,True
3741259,111062.70000000,0.05050000,3927815,3927815,1675222162960,False,True
3741260,111062.70000000,0.22670000,3927816,3927816,1675222294770,False,True
3741261,111030.60000000,0.06300000,3927817,3927817,1675222350527,True,True
3741262,110879.70000000,0.12680000,3927818,3927818,1675222433423,True,True
3741263,110879.60000000,0.67650000,3927819,3927819,1675222433423,True,True
3741264,110983.80000000,0.09740000,3927820,3927820,1675222473625,False,True
3741265,110983.80000000,0.18960000,3927821,3927821,1675222479641,False,True
3741266,110983.80000000,0.04650000,3927822,3927822,1675222479692,False,True
3741267,110983.80000000,0.01330000,3927823,3927823,1675222482641,False,True
3741268,111051.00000000,0.25100000,3927824,3927824,1675222483320,True,True
3741269,111051.00000000,0.25080000,3927825,3927825,1675222484168,True,True
3741270,111051.00000000,0.24960000,3927826,3927826,1675222485193,True,True
3741271,111053.10000000,0.24770000,3927827,3927827,1675222486201,True,True
3741272,111080.60000000,0.09240000,3927828,3927828,1675222487014,True,True
3741273,110983.80000000,0.01450000,3927829,3927829,1675222487052,True,True
3741274,111053.10000000,0.25090000,3927830,3927830,1675222492937,True,True
3741275,110983.80000000,0.12670000,3927831,3927831,1675222501470,True,True
3741276,110983.70000000,0.24900000,3927832,3927832,1675222501470,True,True
3741277,110912.70000000,0.24870000,3927833,3927833,1675222501470,True,True
3741278,110905.00000000,0.49250000,3927834,3927834,1675222501470,True,True
3741279,111040.00000000,0.25020000,3927835,3927835,1675222530339,True,True
3741280,111040.00000000,0.24840000,3927836,3927836,1675222531446,True,True
3741281,111040.00000000,0.25210000,3927837,3927837,1675222532427,True,True
3741282,111040.00000000,0.24910000,3927838,3927838,1675222533430,True,True
3741283,111040.00000000,0.24760000,3927839,3927839,1675222534404,True,True
3741284,111040.00000000,0.03640000,3927840,3927840,1675222535386,True,True
3741285,111052.30000000,0.16430000,3927841,3927841,1675222916078,False,True
3741286,111069.10000000,0.01950000,3927842,3927842,1675223625920,True,True
3741287,111069.10000000,0.04890000,3927843,3927843,1675223688605,True,True
3741288,111132.40000000,0.62400000,3927844,3927844,1675223928365,False,True
3741289,111132.30000000,0.62400000,3927845,3927845,1675223928883,False,True
3741290,111122.20000000,0.34640000,3927846,3927846,1675223948215,False,True
3741291,111123.80000000,0.11550000,3927847,3927847,1675223958259,False,True
3741292,111119.30000000,0.07670000,3927848,3927848,1675223979494,False,True
3741293,111119.10000000,0.05120000,3927849,3927849,1675223981292,False,True
3741294,111116.20000000,0.01950000,3927850,3927850,1675224001429,False,True
3741295,111099.20000000,0.02770000,3927851,3927851,1675224012503,False,True
3741296,111250.40000000,0.00180000,3927852,3927852,1675224046359,False,True
3741297,111097.90000000,0.02790000,3927853,3927853,1675224049430,False,True
3741298,111158.00000000,0.04380000,3927854,3927854,1675224664453,True,True
3741299,111066.70000000,0.62400000,3927855,3927855,1675224676069,True,True
3741300,111024.10000000,0.25160000,3927856,3927856,1675224676069,True,True
3741301,110975.30000000,0.17250000,3927857,3927857,1675224676069,True,True
3741302,111042.70000000,0.00180000,3927858,3927858,1675224677105,True,True
3741303,111042.60000000,0.24810000,3927859,3927859,1675224677105,True,True
3741304,110975.30000000,0.43790000,3927860,3927860,1675224677105,True,True
3741305,110929.60000000,0.36010000,3927861,3927861,1675224677105,True,True
3741306,111081.60000000,0.00960000,3927862,3927862,1675224678156,True,True
3741307,111085.80000000,0.00180000,3927863,3927863,1675225243837,True,True
3741308,111164.80000000,0.00960000,3927864,3927864,1675225279124,False,True
3741309,111146.20000000,0.00900000,3927865,3927865,1675225387567,True,True
3741310,111167.20000000,0.62400000,3927866,3927866,1675225480280,True,True
3741311,111167.20000000,0.00270000,3927867,3927867,1675226035709,True,True
3741312,111018.40000000,0.44420000,3927868,3927868,1675226152461,True,True
3741313,110974.00000000,0.25100000,3927869,3927869,1675226152461,True,True
3741314,110965.80000000,0.08880000,3927870,3927870,1675226152461,True,True
3741315,110965.80000000,0.53520000,3927871,3927871,1675226162292,True,True
3741316,110929.60000000,0.24910000,3927872,3927872,1675226162292,True,True
3741317,110984.60000000,0.03560000,3927873,3927873,1675226182372,True,True
3741318,111196.60000000,0.06310000,3927874,3927874,1675226290472,False,True
3741319,111160.20000000,0.00930000,3927875,3927875,1675226291608,True,True
3741320,111196.60000000,0.06380000,3927876,3927876,1675226292808,False,True
3741321,111196.60000000,0.49710000,3927877,3927877,1675226362875,False,True
3741322,111244.30000000,0.00090000,3927878,3927878,1675226738078,True,True
3741323,111314.10000000,0.00760000,3927879,3927879,1675227016194,False,True
3741324,111166.90000000,0.03720000,3927880,3927880,1675227362635,True,True
3741325,111298.00000000,0.56560000,3927881,3927881,1675227533444,True,True
3741326,111307.50000000,0.18870000,3927882,3927882,1675227535876,True,True
3741327,111140.40000000,0.03250000,3927883,3927883,1675228015035,True,True
3741328,111083.50000000,0.44710000,3927884,3927884,1675228870350,True,True
3741329,111065.40000000,0.06430000,3927885,3927885,1675228870350,True,True
3741330,111250.30000000,0.00380000,3927886,3927886,1675228925182,False,True
3741331,111250.30000000,0.06050000,3927887,3927887,1675229105694,False,True
3741332,111396.70000000,0.04750000,3927888,3927888,1675229712010,False,True
3741333,111281.10000000,0.03970000,3927889,3927889,1675229958279,True,True
3741334,111206.30000000,0.10800000,3927890,3927890,1675230452874,True,True
3741335,111187.40000000,0.04900000,3927891,3927891,1675231251554,True,True
3741336,111170.50000000,0.04760000,3927892,3927892,1675231297407,True,True
3741337,111170.40000000,0.00730000,3927893,3927893,1675231297407,True,True
3741338,111306.60000000,0.46370000,3927894,3927894,1675231397387,True,True
3741339,111270.90000000,0.12590000,3927895,3927895,1675231417494,True,True
3741340,111335.80000000,0.00360000,3927896,3927896,1675231513641,False,True
3741341,111335.70000000,0.00770000,3927897,3927897,1675231882065,False,True
3741342,110933.20000000,0.02280000,3927898,3927898,1675232491218,False,True
3741343,110933.20000000,0.02280000,3927899,3927899,1675232491296,False,True
3741344,110933.20000000,0.02280000,3927900,3927900,1675232491364,False,True
3741345,110933.20000000,0.05830000,3927901,3927901,1675232552488,False,True
3741346,110933.20000000,0.06330000,3927902,3927902,1675232558093,False,True
3741347,110848.60000000,0.00330000,3927903,3927903,1675232760215,True,True
3741348,110933.10000000,0.43030000,3927904,3927904,1675233180105,False,True
3741349,110905.50000000,0.03870000,3927905,3927905,1675233204563,True,True
3741350,111051.10000000,0.00320000,3927906,3927906,1675233387958,True,True
3741351,111151.90000000,0.04880000,3927907,3927907,1675233466763,False,True
3741352,111025.20000000,0.07090000,3927908,3927908,1675233910041,True,True
3741353,111153.40000000,0.00830000,3927909,3927909,1675234065523,False,True
3741354,111025.20000000,0.10330000,3927910,3927910,1675234421669,True,True
3741355,110790.50000000,0.01400000,3927911,3927911,1675234664504,True,True
3741356,110828.50000000,0.01280000,3927912,3927912,1675234805992,True,True
3741357,110790.40000000,0.00680000,3927913,3927913,1675234821450,True,True
3741358,110759.30000000,0.00260000,3927914,3927914,1675234861916,True,True
3741359,110677.50000000,0.00100000,3927915,3927915,1675234869366,False,True
3741360,110677.30000000,0.00900000,3927916,3927916,1675234879975,False,True
3741361,110677.30000000,0.06190000,3927917,3927917,1675234880930,False,True
3741362,110650.20000000,0.07130000,3927918,3927918,1675234892456,False,True
3741363,110680.30000000,0.55270000,3927919,3927919,1675234941782,False,True
3741364,111069.90000000,0.04140000,3927920,3927920,1675235989924,False,True
3741365,111020.00000000,0.07630000,3927921,3927921,1675236198094,True,True
3741366,111070.00000000,0.00500000,3927922,3927922,1675236292269,False,True
3741367,111161.60000000,0.01030000,3927923,3927923,1675236292269,False,True
3741368,110908.20000000,0.00980000,3927924,3927924,1675237090826,True,True
3741369,110908.20000000,0.04310000,3927925,3927925,1675237119895,False,True
3741370,110847.80000000,0.02440000,3927926,3927926,1675237203162,True,True
3741371,110848.00000000,0.04510000,3927927,3927927,1675237279380,True,True
3741372,111002.90000000,0.06380000,3927928,3927928,1675237333577,False,True
3741373,111003.00000000,0.15190000,3927929,3927929,1675237333577,False,True
3741374,110848.00000000,0.08620000,3927930,3927930,1675237533813,True,True
3741375,110848.10000000,0.03550000,3927931,3927931,1675237551557,True,True
3741376,110848.00000000,0.00500000,3927932,3927932,1675237607948,True,True
3741377,110848.00000000,0.02090000,3927933,3927933,1675237626423,True,True
3741378,110848.00000000,0.48860000,3927934,3927934,1675237679980,True,True
3741379,110848.00000000,0.48860000,3927935,3927935,1675237680094,True,True
3741380,110848.00000000,0.04180000,3927936,3927936,1675237685318,True,True
3741381,110848.00000000,0.54650000,3927937,3927937,1675237685388,True,True
3741382,110912.10000000,0.00090000,3927938,3927938,1675237730060,False,True
3741383,110848.00000000,0.41260000,3927939,3927939,1675237732740,True,True
3741384,110848.00000000,0.24380000,3927940,3927940,1675237850155,True,True
3741385,110848.00000000,0.05390000,3927941,3927941,1675237850294,True,True
3741386,110848.00000000,0.05520000,3927942,3927942,1675237850353,True,True
3741387,110848.00000000,1.29620000,3927943,3927943,1675237880982,True,True
3741388,110848.00000000,0.71030000,3927944,3927944,1675238198071,True,True
3741389,110848.00000000,0.13520000,3927945,3927945,1675238198101,True,True
3741390,110848.00000000,0.20060000,3927946,3927946,1675238401965,True,True
3741391,110848.00000000,0.28380000,3927947,3927947,1675238404643,True,True
3741392,110848.00000000,0.07230000,3927948,3927948,1675238406507,True,True
3741393,110802.70000000,0.62400000,3927949,3927949,1675238518777,False,True
3741394,110791.50000000,0.34740000,3927950,3927950,1675238882707,False,True
3741395,110738.80000000,0.12660000,3927951,3927951,1675239038578,True,True
3741396,110738.70000000,0.24910000,3927952,3927952,1675239038578,True,True
3741397,110680.30000000,0.00350000,3927953,3927953,1675239038578,True,True
3741398,110672.10000000,0.17770000,3927954,3927954,1675239038578,True,True
3741399,110672.00000000,0.16310000,3927955,3927955,1675239038578,True,True
3741400,110710.40000000,0.17570000,3927956,3927957,1675239140529,True,True
3741401,110710.30000000,0.04140000,3927958,3927958,1675239140529,True,True
3741402,110710.50000000,0.06350000,3927959,3927959,1675239149509,True,True
3741403,110710.50000000,0.06410000,3927960,3927960,1675239150582,True,True
3741404,110813.70000000,0.15820000,3927961,3927961,1675239156025,False,True
3741405,110811.20000000,0.72010000,3927962,3927962,1675239157534,True,True
3741406,110710.50000000,0.01410000,3927963,3927963,1675239242764,True,True
3741407,110710.30000000,0.00640000,3927964,3927964,1675239277979,True,True
3741408,110754.00000000,0.36570000,3927965,3927965,1675239432070,True,True
3741409,110754.00000000,0.06350000,3927966,3927966,1675239524746,True,True
3741410,110754.10000000,0.00660000,3927967,3927967,1675239543608,True,True
3741411,110754.00000000,0.32300000,3927968,3927968,1675239562709,True,True
3741412,110754.00000000,0.24780000,3927969,3927969,1675239563414,True,True
3741413,110691.40000000,0.00920000,3927970,3927970,1675239573697,False,True
3741414,110597.00000000,0.00500000,3927971,3927971,1675239620726,True,True
3741415,110612.10000000,0.09230000,3927972,3927972,1675239638687,False,True
3741416,110612.10000000,0.00760000,3927973,3927973,1675239639810,False,True
3741417,110612.10000000,0.08630000,3927974,3927974,1675239641344,False,True
3741418,110682.70000000,0.16660000,3927975,3927975,1675239685479,False,True
3741419,110682.60000000,0.18380000,3927976,3927976,1675239687820,False,True
3741420,110538.40000000,0.00350000,3927977,3927977,1675239743513,False,True
3741421,110500.00000000,0.70100000,3927978,3927978,1675239747268,True,True
3741422,110500.00000000,0.07120000,3927979,3927979,1675239747344,True,True
3741423,110446.90000000,0.16650000,3927980,3927980,1675239747344,True,True
3741424,110270.80000000,0.13480000,3927981,3927981,1675239747344,True,True
3741425,110270.70000000,0.32860000,3927982,3927982,1675239747344,True,True
3741426,110456.90000000,0.00820000,3927983,3927983,1675239747593,False,True
3741427,110456.90000000,0.06370000,3927984,3927984,1675239750418,False,True
3741428,110456.90000000,0.07380000,3927985,3927985,1675239751504,False,True
3741429,110746.10000000,0.46780000,3927986,3927986,1675239781781,False,True
3741430,110476.70000000,0.03950000,3927987,3927987,1675239957259,True,True
3741431,110490.10000000,0.00810000,3927988,3927988,1675239963838,False,True
3741432,110476.70000000,0.00680000,3927989,3927989,1675240081660,True,True
3741433,110420.40000000,0.24790000,3927990,3927990,1675240081660,True,True
3741434,110410.80000000,0.04530000,3927991,3927991,1675240081660,True,True
3741435,110551.50000000,0.01310000,3927992,3927992,1675240621205,True,True
3741436,110672.00000000,0.50000000,3927993,3927993,1675240802423,False,True
3741437,110676.00000000,0.19570000,3927994,3927994,1675240802423,False,True
3741438,110782.10000000,0.04950000,3927995,3927995,1675240802423,False,True
3741439,110685.70000000,0.00360000,3927996,3927996,1675241376150,False,True
3741440,110377.80000000,0.00360000,3927997,3927997,1675242021224,True,True
3741441,110377.70000000,0.00490000,3927998,3927998,1675242021224,True,True
3741442,110511.00000000,0.01000000,3927999,3927999,1675242767717,True,True
3741443,110511.00000000,0.01300000,3928000,3928000,1675242795368,True,True
3741444,110605.80000000,0.25120000,3928001,3928001,1675243163650,True,True
3741445,110590.10000000,0.10910000,3928002,3928002,1675243163650,True,True
3741446,110850.40000000,0.05580000,3928003,3928003,1675243298754,False,True
3741447,110800.00000000,0.05570000,3928004,3928004,1675243457251,True,True
3741448,110900.00000000,0.03150000,3928005,3928005,1675243745667,False,True
3741449,110866.70000000,0.03250000,3928006,3928006,1675243904532,False,True
3741450,110866.80000000,0.13650000,3928007,3928007,1675243904532,False,True
3741451,110866.80000000,0.11150000,3928008,3928008,1675243906537,False,True
3741452,110900.00000000,0.01540000,3928009,3928009,1675243906537,False,True
3741453,110912.60000000,0.04220000,3928010,3928010,1675243906537,False,True
3741454,110850.60000000,0.16910000,3928011,3928011,1675243907532,False,True
3741455,110734.00000000,0.24410000,3928012,3928012,1675244057469,True,True
3741456,110734.00000000,0.37990000,3928013,3928013,1675244134183,True,True
3741457,110734.00000000,0.07300000,3928014,3928014,1675244134780,True,True
3741458,110734.00000000,0.19180000,3928015,3928015,1675244135177,True,True
3741459,110734.00000000,0.35920000,3928016,3928016,1675244136505,True,True
3741460,110734.00000000,0.06960000,3928017,3928017,1675244295179,True,True
3741461,110726.90000000,0.03170000,3928018,3928018,1675244960128,False,True
3741462,110560.30000000,0.00330000,3928019,3928019,1675245129265,True,True
3741463,110726.80000000,0.06350000,3928020,3928020,1675245396023,False,True
3741464,110726.80000000,0.09080000,3928021,3928021,1675245457260,False,True
3741465,110726.80000000,0.09080000,3928022,3928022,1675245457316,False,True
3741466,110754.30000000,0.17850000,3928023,3928023,1675245506982,False,True
3741467,110726.70000000,0.13700000,3928024,3928024,1675245519340,False,True
3741468,110726.70000000,0.03180000,3928025,3928025,1675245519398,False,True
3741469,110726.70000000,0.10530000,3928026,3928026,1675245519798,False,True
3741470,110707.30000000,0.01660000,3928027,3928027,1675246474950,True,True
3741471,110712.80000000,0.17210000,3928028,3928028,1675246496143,True,True
3741472,110729.90000000,1.17610000,3928029,3928029,1675246538652,False,True
3741473,110717.00000000,0.11300000,3928030,3928030,1675246549684,False,True
3741474,110724.80000000,0.10220000,3928031,3928031,1675246568671,False,True
3741475,110724.80000000,0.00230000,3928032,3928032,1675246799380,False,True
3741476,110724.80000000,0.14770000,3928033,3928033,1675246802982,False,True
3741477,110719.40000000,0.58030000,3928034,3928034,1675246842656,False,True
3741478,110718.40000000,0.29020000,3928035,3928035,1675246843758,False,True
3741479,110713.40000000,0.14500000,3928036,3928036,1675246885729,False,True
3741480,110713.80000000,0.07240000,3928037,3928037,1675247081675,False,True
3741481,110713.00000000,0.00190000,3928038,3928038,1675247291041,True,True
3741482,110724.80000000,1.16090000,3928039,3928039,1675247371512,False,True
3741483,110668.30000000,0.06350000,3928040,3928040,1675247570678,True,True
3741484,110588.50000000,0.24840000,3928041,3928041,1675247793287,False,True
3741485,110632.80000000,0.24890000,3928042,3928042,1675247802998,False,True
3741486,110691.10000000,0.00330000,3928043,3928043,1675247802998,False,True
3741487,110691.20000000,0.19930000,3928044,3928044,1675247802998,False,True
3741488,110641.70000000,0.05020000,3928045,3928045,1675248083736,False,True
3741489,110641.70000000,0.10490000,3928046,3928046,1675248084961,False,True
3741490,110641.70000000,0.02730000,3928047,3928047,1675248127742,False,True
3741491,110641.70000000,0.40170000,3928048,3928048,1675248130716,False,True
3741492,110633.00000000,0.00210000,3928049,3928049,1675248230189,True,True
3741493,110725.30000000,0.11270000,3928050,3928050,1675248809573,True,True
3741494,110854.90000000,0.22990000,3928051,3928051,1675248932836,False,True
3741495,110854.90000000,0.01950000,3928052,3928052,1675249040534,False,True
3741496,110854.90000000,0.23480000,3928053,3928053,1675249040566,True,True
3741497,110875.90000000,0.00730000,3928054,3928054,1675249896439,True,True
3741498,110999.90000000,0.00150000,3928055,3928055,1675250298815,False,True
3741499,111129.60000000,0.08170000,3928056,3928056,1675250523879,False,True
3741500,111199.00000000,0.00100000,3928057,3928057,1675250603899,False,True
3741501,111301.00000000,0.00210000,3928058,3928058,1675250670901,False,True
3741502,111396.70000000,0.00100000,3928059,3928059,1675250793908,False,True
3741503,111519.10000000,0.00260000,3928060,3928060,1675250793908,False,True
3741504,111301.00000000,0.00440000,3928061,3928061,1675251104707,True,True
3741505,111271.20000000,0.02670000,3928062,3928062,1675251526822,False,True
3741506,111179.30000000,0.01790000,3928063,3928063,1675252082745,False,True
3741507,110966.10000000,0.01400000,3928064,3928064,1675252161518,True,True
3741508,110966.20000000,0.02000000,3928065,3928065,1675252342447,True,True
3741509,111071.40000000,0.00760000,3928066,3928066,1675252620252,False,True
3741510,111179.20000000,0.01800000,3928067,3928067,1675252647978,False,True
3741511,111068.50000000,0.60400000,3928068,3928068,1675252676069,True,True
3741512,111068.50000000,0.08090000,3928069,3928069,1675252689983,True,True
3741513,111068.50000000,0.47630000,3928070,3928070,1675252690067,True,True
3741514,111068.50000000,0.06680000,3928071,3928071,1675252694265,True,True
3741515,110946.20000000,0.00630000,3928072,3928072,1675252697585,True,True
3741516,111076.70000000,0.68990000,3928073,3928073,1675253077872,False,True
3741517,110994.30000000,0.05000000,3928074,3928074,1675253219065,True,True
3741518,110994.50000000,0.38050000,3928075,3928076,1675253276831,True,True
3741519,110994.40000000,0.26570000,3928077,3928077,1675253276831,True,True
3741520,110994.40000000,0.30830000,3928078,3928078,1675253278838,True,True
3741521,110994.10000000,0.25130000,3928079,3928079,1675253278838,True,True
3741522,110938.60000000,0.08660000,3928080,3928080,1675253278838,True,True
3741523,111035.20000000,0.24780000,3928081,3928081,1675253279837,True,True
3741524,110938.60000000,0.16220000,3928082,3928082,1675253279837,True,True
3741525,110924.50000000,0.12950000,3928083,3928084,1675253279837,True,True
3741526,110909.40000000,0.10670000,3928085,3928085,1675253279837,True,True
3741527,111083.30000000,0.00270000,3928086,3928086,1675253365611,True,True
3741528,111138.50000000,0.04860000,3928087,3928087,1675253396607,False,True
3741529,111083.30000000,0.11990000,3928088,3928088,1675253430769,True,True
3741530,111056.20000000,0.05810000,3928089,3928089,1675253640349,False,True
3741531,111056.00000000,0.35900000,3928090,3928090,1675253640628,False,True
3741532,111056.00000000,0.25530000,3928091,3928091,1675253652769,False,True
3741533,111056.00000000,0.00970000,3928092,3928092,1675253741804,False,True
3741534,111057.10000000,0.00900000,3928093,3928093,1675253804222,False,True
3741535,111076.70000000,0.06980000,3928094,3928094,1675253878717,False,True
3741536,110931.50000000,0.00380000,3928095,3928095,1675254299321,True,True
3741537,110889.80000000,0.00420000,3928096,3928096,1675254386616,True,True
3741538,111066.30000000,0.01130000,3928097,3928097,1675254649020,False,True
3741539,111080.70000000,0.00640000,3928098,3928098,1675255060926,False,True
3741540,110906.60000000,0.04080000,3928099,3928099,1675255221342,True,True
3741541,110805.70000000,0.01470000,3928100,3928100,1675256354202,False,True
3741542,110752.50000000,0.22400000,3928101,3928101,1675256498412,True,True
3741543,110608.60000000,0.60950000,3928102,3928102,1675256700479,True,True
3741544,110570.80000000,0.74960000,3928103,3928103,1675256700479,True,True
3741545,110563.40000000,0.64090000,3928104,3928104,1675256700479,True,True
3741546,110608.30000000,0.25210000,3928105,3928105,1675256768376,True,True
3741547,110556.20000000,0.49230000,3928106,3928106,1675256768376,True,True
3741548,110500.00000000,0.39070000,3928107,3928107,1675256784547,True,True
3741549,110612.80000000,0.05390000,3928108,3928108,1675256800796,False,True
3741550,111101.90000000,0.00330000,3928109,3928109,1675257272382,False,True
3741551,111445.60000000,0.24960000,3928110,3928110,1675257350360,False,True
3741552,111455.30000000,0.00670000,3928111,3928111,1675257350360,False,True
3741553,111491.30000000,0.24760000,3928112,3928112,1675257350360,False,True
3741554,111539.90000000,0.23450000,3928113,3928113,1675257350360,False,True
3741555,111526.10000000,0.12860000,3928114,3928114,1675257379867,True,True
3741556,111468.00000000,0.09980000,3928115,3928115,1675257401614,True,True
3741557,111360.80000000,0.06360000,3928116,3928116,1675257418914,True,True
3741558,111472.50000000,0.01790000,3928117,3928117,1675257458292,False,True
3741559,111472.40000000,0.02140000,3928118,3928118,1675257608358,False,True
3741560,111472.40000000,0.04530000,3928119,3928119,1675257608447,False,True
3741561,111596.90000000,0.00440000,3928120,3928120,1675257774044,False,True
3741562,111459.10000000,0.06650000,3928121,3928121,1675257805865,True,True
3741563,111483.50000000,0.10590000,3928122,3928122,1675257878780,False,True
3741564,111483.50000000,0.22570000,3928123,3928123,1675257904867,False,True
3741565,111475.70000000,0.00270000,3928124,3928124,1675258022298,False,True
3741566,111407.20000000,0.24920000,3928125,3928125,1675258249183,True,True
3741567,111500.00000000,0.39030000,3928126,3928126,1675258357241,False,True
3741568,111480.00000000,0.06930000,3928127,3928127,1675258362570,True,True
3741569,111480.00000000,0.02830000,3928128,3928128,1675258524386,True,True
3741570,111580.60000000,0.00190000,3928129,3928129,1675258710384,False,True
3741571,111285.10000000,0.23390000,3928130,3928130,1675258883297,True,True
3741572,111257.90000000,0.24910000,3928131,3928131,1675258883297,True,True
3741573,111199.90000000,0.25160000,3928132,3928132,1675258883297,True,True
3741574,111163.40000000,0.00310000,3928133,3928133,1675258883297,True,True
3741575,111289.00000000,0.00170000,3928134,3928134,1675259387680,False,True
3741576,111323.20000000,0.08630000,3928135,3928135,1675259471589,False,True
3741577,111140.10000000,0.00220000,3928136,3928136,1675259590151,True,True
3741578,111140.20000000,0.00460000,3928137,3928137,1675259622887,True,True
3741579,111140.10000000,0.07140000,3928138,3928138,1675259622887,True,True
3741580,111184.70000000,0.01260000,3928139,3928139,1675260283409,False,True
3741581,111233.70000000,0.00580000,3928140,3928140,1675260474267,False,True
3741582,111289.10000000,0.24790000,3928141,3928141,1675260751620,False,True
3741583,111323.30000000,0.05490000,3928142,3928142,1675260814214,False,True
3741584,111323.30000000,0.02650000,3928143,3928143,1675260860919,False,True
3741585,111396.90000000,0.00170000,3928144,3928144,1675260868537,False,True
3741586,111443.40000000,0.15810000,3928145,3928145,1675261266421,True,True
3741587,111544.40000000,0.17470000,3928146,3928146,1675261512689,True,True
3741588,111596.90000000,0.00190000,3928147,3928147,1675261718020,False,True
3741589,111544.40000000,0.03430000,3928148,3928148,1675261747143,True,True
3741590,111536.80000000,0.08130000,3928149,3928149,1675261748403,True,True
3741591,111423.80000000,0.07380000,3928150,3928150,1675261789778,True,True
3741592,111336.50000000,0.08740000,3928151,3928151,1675261827736,True,True
3741593,111474.60000000,0.01070000,3928152,3928152,1675261927627,False,True
3741594,111028.90000000,0.00900000,3928153,3928153,1675262118908,True,True
3741595,111038.60000000,0.03610000,3928154,3928154,1675262164870,False,True
3741596,111013.50000000,0.05860000,3928155,3928155,1675262229677,True,True
3741597,111013.50000000,0.03730000,3928156,3928156,1675262229723,True,True
3741598,111013.50000000,0.15420000,3928157,3928157,1675262231083,True,True
3741599,111087.50000000,0.03770000,3928158,3928158,1675262248705,False,True
3741600,111060.60000000,0.00860000,3928159,3928159,1675262328130,True,True
3741601,111162.50000000,0.18010000,3928160,3928160,1675262421157,True,True
3741602,111112.60000000,0.04480000,3928161,3928161,1675262443480,True,True
3741603,111431.90000000,0.62400000,3928162,3928162,1675262607245,False,True
3741604,111546.00000000,0.03490000,3928163,3928163,1675262642120,False,True
3741605,111546.00000000,0.80480000,3928164,3928164,1675262710426,True,True
3741606,111546.00000000,0.28030000,3928165,3928165,1675262710489,True,True
3741607,111546.00000000,0.09890000,3928166,3928166,1675262730903,False,True
3741608,111546.00000000,0.00380000,3928167,3928167,1675262733169,False,True
3741609,111546.00000000,0.35550000,3928168,3928168,1675262735403,False,True
3741610,111546.00000000,0.57800000,3928169,3928169,1675262735416,False,True
3741611,111546.00000000,0.04780000,3928170,3928170,1675262735472,False,True
3741612,111597.00000000,0.00500000,3928171,3928171,1675262737424,False,True
3741613,111600.00000000,0.03950000,3928172,3928173,1675262737443,False,True
3741614,111603.20000000,0.36210000,3928174,3928174,1675262739604,False,True
3741615,111603.20000000,0.26190000,3928175,3928175,1675262739667,False,True
3741616,111539.70000000,0.00440000,3928176,3928176,1675262809286,True,True
3741617,111539.80000000,0.03160000,3928177,3928177,1675262884502,True,True
3741618,111690.80000000,0.30950000,3928178,3928178,1675263139016,False,True
3741619,111615.60000000,0.31380000,3928179,3928179,1675263188568,True,True
3741620,111615.60000000,0.30580000,3928180,3928180,1675263200427,True,True
3741621,111615.60000000,0.49280000,3928181,3928181,1675263200810,True,True
3741622,111615.60000000,0.00200000,3928182,3928182,1675263277100,True,True
3741623,111615.70000000,0.07000000,3928183,3928183,1675263378685,True,True
3741624,111600.60000000,0.05920000,3928184,3928184,1675263428340,True,True
3741625,111397.30000000,0.25240000,3928185,3928185,1675263601568,True,True
3741626,111349.50000000,0.24930000,3928186,3928186,1675263602121,True,True
3741627,111287.70000000,0.24970000,3928187,3928187,1675263602312,True,True
3741628,111305.70000000,0.63360000,3928188,3928188,1675263603395,True,True
3741629,111191.00000000,0.44830000,3928189,3928189,1675263603537,True,True
3741630,111195.30000000,0.22490000,3928190,3928190,1675263605567,False,True
3741631,111248.30000000,0.01620000,3928191,3928191,1675263609250,True,True
3741632,111327.50000000,0.01830000,3928192,3928192,1675263609313,False,True
3741633,111248.30000000,0.08820000,3928193,3928193,1675263609723,True,True
3741634,111378.70000000,0.24780000,3928194,3928194,1675263612521,True,True
3741635,111383.60000000,0.12620000,3928195,3928195,1675263614556,False,True
3741636,111327.40000000,0.25170000,3928196,3928196,1675263617269,True,True
3741637,111234.90000000,0.12610000,3928197,3928197,1675263744521,True,True
3741638,111311.90000000,0.01350000,3928198,3928198,1675263774265,False,True
3741639,111145.00000000,0.20490000,3928199,3928199,1675263921380,False,True
3741640,111145.00000000,0.41910000,3928200,3928200,1675263957162,False,True
3741641,111216.70000000,0.22630000,3928201,3928201,1675264373341,False,True
3741642,111272.50000000,0.19850000,3928202,3928202,1675264405360,False,True
3741643,111272.50000000,0.42550000,3928203,3928203,1675264405378,False,True
3741644,111241.50000000,0.16950000,3928204,3928204,1675264595857,True,True
3741645,111241.50000000,0.25610000,3928205,3928205,1675264596137,True,True
3741646,111241.50000000,0.11830000,3928206,3928206,1675264596773,True,True
3741647,111241.50000000,0.08010000,3928207,3928207,1675264596780,True,True
3741648,111184.20000000,0.18200000,3928208,3928208,1675264923455,False,True
3741649,111184.00000000,0.04010000,3928209,3928209,1675264981910,False,True
3741650,111240.40000000,0.00530000,3928210,3928210,1675265068479,False,True
3741651,111240.50000000,0.00760000,3928211,3928211,1675265068479,False,True
3741652,111179.10000000,0.01620000,3928212,3928212,1675265204178,False,True
3741653,111036.90000000,0.02620000,3928213,3928213,1675265311477,True,True
3741654,111328.90000000,0.00610000,3928214,3928214,1675265592173,True,True
3741655,111328.90000000,0.05130000,3928215,3928215,1675265595680,True,True
3741656,111348.60000000,0.13080000,3928216,3928216,1675265747333,False,True
3741657,111198.80000000,0.00220000,3928217,3928217,1675265761109,True,True
3741658,111198.80000000,0.00370000,3928218,3928218,1675265786241,True,True
3741659,111348.60000000,0.04610000,3928219,3928219,1675265795237,False,True
3741660,111155.50000000,0.04760000,3928220,3928220,1675265837559,True,True
3741661,111255.10000000,0.00950000,3928221,3928221,1675266037564,True,True
3741662,111255.10000000,0.09470000,3928222,3928222,1675266076119,True,True
3741663,111323.40000000,0.04980000,3928223,3928223,1675266081859,True,True
3741664,111323.40000000,0.03030000,3928224,3928224,1675266094256,True,True
3741665,111348.50000000,0.12190000,3928225,3928225,1675266127511,False,True
3741666,111255.10000000,0.08990000,3928226,3928226,1675266264236,True,True
3741667,111139.20000000,0.01540000,3928227,3928227,1675266370710,True,True
3741668,111084.40000000,0.04270000,3928228,3928228,1675266429798,True,True
3741669,111084.40000000,0.13810000,3928229,3928229,1675266454977,False,True
3741670,111084.40000000,0.13810000,3928230,3928230,1675266455037,False,True
3741671,111084.40000000,0.13810000,3928231,3928231,1675266455108,False,True
3741672,111084.40000000,0.74000000,3928232,3928232,1675266461380,False,True
3741673,111049.80000000,0.01610000,3928233,3928233,1675266479056,True,True
3741674,110937.30000000,0.22270000,3928234,3928234,1675266500373,False,True
3741675,110900.00000000,0.18710000,3928235,3928236,1675266660086,True,True
3741676,110899.10000000,0.10470000,3928237,3928237,1675266660338,True,True
3741677,110899.10000000,0.02530000,3928238,3928238,1675266660407,True,True
3741678,110821.30000000,0.02520000,3928239,3928239,1675266660470,True,True
3741679,111000.20000000,0.22710000,3928240,3928240,1675266674738,False,True
3741680,110975.90000000,0.11100000,3928241,3928241,1675266678068,True,True
3741681,111068.70000000,0.05740000,3928242,3928242,1675266723618,False,True
3741682,111073.00000000,0.02520000,3928243,3928243,1675266729241,False,True
3741683,111084.40000000,0.05930000,3928244,3928244,1675266742703,False,True
3741684,110774.60000000,0.20630000,3928245,3928245,1675266980981,False,True
3741685,110940.00000000,0.62400000,3928246,3928246,1675267017809,False,True
3741686,111005.20000000,0.09740000,3928247,3928247,1675267044739,True,True
3741687,110821.80000000,0.25160000,3928248,3928248,1675267280194,True,True
3741688,110771.30000000,0.12690000,3928249,3928249,1675267280194,True,True
3741689,110771.10000000,0.25080000,3928250,3928250,1675267280194,True,True
3741690,110736.50000000,0.00800000,3928251,3928251,1675267280194,True,True
3741691,110725.90000000,0.24530000,3928252,3928252,1675267280194,True,True
3741692,110897.40000000,0.18220000,3928253,3928253,1675267354374,False,True
3741693,110897.40000000,0.43430000,3928254,3928254,1675267354982,False,True
3741694,111024.40000000,0.00910000,3928255,3928255,1675267361267,False,True
3741695,111084.40000000,1.39270000,3928256,3928256,1675267425631,False,True
3741696,111084.40000000,0.34470000,3928257,3928257,1675267425682,False,True
3741697,111025.60000000,0.00380000,3928258,3928258,1675267559719,True,True
3741698,110978.00000000,0.02630000,3928259,3928259,1675267626820,True,True
3741699,110978.30000000,0.25160000,3928260,3928260,1675267678197,True,True
3741700,110927.90000000,0.01990000,3928261,3928261,1675267678197,True,True
3741701,111037.80000000,0.06170000,3928262,3928262,1675267891659,True,True
3741702,111135.60000000,0.00710000,3928263,3928263,1675268257480,True,True
3741703,111135.60000000,0.03990000,3928264,3928264,1675268279860,True,True
3741704,111155.90000000,0.01350000,3928265,3928265,1675268626980,True,True
3741705,111155.80000000,0.61650000,3928266,3928266,1675268713663,True,True
3741706,111030.10000000,0.04280000,3928267,3928267,1675268896240,True,True
3741707,111129.30000000,0.39240000,3928268,3928268,1675269361617,True,True
3741708,111129.30000000,0.17000000,3928269,3928269,1675269388857,True,True
3741709,111067.70000000,0.01890000,3928270,3928270,1675269412919,True,True
3741710,111126.80000000,0.13760000,3928271,3928271,1675269573620,True,True
3741711,111127.00000000,0.62400000,3928272,3928272,1675269576372,False,True
3741712,111067.80000000,0.00440000,3928273,3928273,1675269690448,True,True
3741713,111067.70000000,0.01350000,3928274,3928275,1675270024239,True,True
3741714,111039.50000000,0.01350000,3928276,3928276,1675270024288,True,True
3741715,111082.40000000,0.09390000,3928277,3928277,1675270082631,True,True
3741716,111179.20000000,0.00430000,3928278,3928278,1675270113084,False,True
3741717,111132.00000000,0.00310000,3928279,3928279,1675270180190,False,True
3741718,110977.80000000,0.03000000,3928280,3928280,1675270241653,True,True
3741719,110970.30000000,0.00100000,3928281,3928281,1675270286487,True,True
3741720,110800.00000000,0.38060000,3928282,3928282,1675270452578,True,True
3741721,110800.00000000,0.38070000,3928283,3928283,1675270452706,True,True
3741722,110800.00000000,0.02860000,3928284,3928284,1675270452891,True,True
3741723,110886.70000000,0.06350000,3928285,3928285,1675270457890,False,True
3741724,110886.70000000,0.55310000,3928286,3928286,1675270458093,False,True
3741725,110860.60000000,0.06380000,3928287,3928287,1675270522455,True,True
3741726,110860.50000000,0.09620000,3928288,3928288,1675270522455,True,True
3741727,110888.20000000,0.08030000,3928289,3928289,1675270668433,True,True
3741728,110888.20000000,0.00420000,3928290,3928290,1675270680293,True,True
3741729,110842.10000000,0.00450000,3928291,3928291,1675271496739,True,True
3741730,110841.50000000,0.00640000,3928292,3928292,1675271496739,True,True
3741731,110846.80000000,0.01090000,3928293,3928293,1675272001687,True,True
3741732,111120.00000000,0.10140000,3928294,3928294,1675272165293,False,True
3741733,111052.50000000,0.00700000,3928295,3928295,1675272551394,True,True
3741734,111151.20000000,0.01800000,3928296,3928296,1675272725441,False,True
3741735,111042.30000000,0.05010000,3928297,3928297,1675272837793,True,True
3741736,111042.30000000,0.14460000,3928298,3928298,1675273027722,True,True
3741737,110892.60000000,0.24340000,3928299,3928299,1675273144414,True,True
3741738,110895.80000000,0.02380000,3928300,3928300,1675273371122,True,True
3741739,110895.10000000,0.24850000,3928301,3928301,1675273462223,True,True
3741740,110846.80000000,0.23910000,3928302,3928302,1675273462940,True,True
3741741,110841.50000000,0.00200000,3928303,3928303,1675273512365,True,True
3741742,110840.50000000,0.00920000,3928304,3928304,1675273512391,True,True
3741743,110800.00000000,0.31760000,3928305,3928305,1675273516766,True,True
3741744,110800.00000000,1.14570000,3928306,3928306,1675273529419,True,True
3741745,110800.00000000,0.23540000,3928307,3928307,1675273532216,True,True
3741746,110800.00000000,1.25170000,3928308,3928308,1675273532346,True,True
3741747,110800.00000000,0.45430000,3928309,3928309,1675273534451,True,True
3741748,110800.00000000,0.06760000,3928310,3928310,1675273564525,True,True
3741749,110800.00000000,0.92800000,3928311,3928312,1675273568299,True,True
3741750,110680.90000000,0.24930000,3928313,3928313,1675273571466,True,True
3741751,110680.80000000,0.02800000,3928314,3928314,1675273571466,True,True
3741752,110680.80000000,0.01000000,3928315,3928315,1675273611246,True,True
3741753,110597.00000000,0.00500000,3928316,3928316,1675273691843,True,True
3741754,110612.00000000,0.06380000,3928317,3928317,1675273719800,False,True
3741755,110699.20000000,0.01460000,3928318,3928318,1675273972129,True,True
3741756,110566.50000000,0.00210000,3928319,3928319,1675274034619,True,True
3741757,110663.30000000,0.07710000,3928320,3928320,1675274425416,True,True
3741758,110781.90000000,0.00210000,3928321,3928321,1675274497989,False,True
3741759,110782.00000000,0.00100000,3928322,3928322,1675274497989,False,True
3741760,110885.20000000,0.03860000,3928323,3928323,1675274710361,False,True
3741761,110500.00000000,0.01580000,3928324,3928324,1675275013136,True,True
3741762,110500.00000000,0.02750000,3928325,3928325,1675275015049,True,True
3741763,110483.80000000,0.00810000,3928326,3928326,1675275025518,True,True
3741764,110400.00000000,0.00200000,3928327,3928327,1675275472054,True,True
3741765,110360.10000000,0.01320000,3928328,3928328,1675275472054,True,True
3741766,110921.80000000,0.00090000,3928329,3928329,1675276083497,False,True
3741767,111228.50000000,0.06340000,3928330,3928330,1675276182760,True,True
3741768,111278.00000000,0.04480000,3928331,3928331,1675276212441,False,True
3741769,111278.00000000,0.01860000,3928332,3928332,1675276212512,False,True
3741770,111246.80000000,0.02480000,3928333,3928333,1675276240128,False,True
3741771,111215.50000000,0.06350000,3928334,3928334,1675276241870,True,True
3741772,111077.50000000,0.06350000,3928335,3928335,1675276241940,True,True
3741773,111077.60000000,0.00720000,3928336,3928336,1675276440312,True,True
3741774,111077.60000000,0.00680000,3928337,3928337,1675276504000,True,True
3741775,110989.00000000,0.14930000,3928338,3928338,1675276518568,True,True
3741776,110961.40000000,0.06350000,3928339,3928339,1675276687610,False,True
3741777,110980.00000000,0.23650000,3928340,3928340,1675276688115,True,True
3741778,110880.00000000,0.10900000,3928341,3928342,1675277383208,True,True
3741779,111110.40000000,0.06340000,3928343,3928343,1675277844141,True,True
3741780,111110.40000000,0.18560000,3928344,3928344,1675277844633,True,True
3741781,111348.60000000,0.00100000,3928345,3928345,1675277915068,False,True
3741782,111537.50000000,0.08570000,3928346,3928346,1675277928907,True,True
3741783,111537.50000000,0.00880000,3928347,3928347,1675277929119,True,True
3741784,111537.50000000,0.15390000,3928348,3928348,1675277929752,True,True
3741785,111243.00000000,0.06330000,3928349,3928349,1675277967943,True,True
3741786,111267.40000000,0.09700000,3928350,3928350,1675277997815,False,True
3741787,111325.40000000,0.06320000,3928351,3928351,1675278001764,True,True
3741788,111325.40000000,0.06450000,3928352,3928352,1675278002451,True,True
3741789,111260.70000000,0.45180000,3928353,3928353,1675278003806,True,True
3741790,111196.00000000,0.44740000,3928354,3928354,1675278003806,True,True
3741791,111154.50000000,0.25110000,3928355,3928355,1675278003806,True,True
3741792,111154.50000000,0.00020000,3928356,3928356,1675278003806,True,True
3741793,111065.70000000,0.02910000,3928357,3928357,1675278004334,True,True
3741794,111065.70000000,0.21870000,3928358,3928358,1675278004531,True,True
3741795,111020.80000000,0.62220000,3928359,3928359,1675278004531,True,True
3741796,111020.80000000,0.00030000,3928360,3928360,1675278004531,True,True
3741797,110933.20000000,0.27310000,3928361,3928361,1675278004536,True,True
3741798,110977.00000000,0.44450000,3928362,3928362,1675278005702,True,True
3741799,110932.70000000,0.04860000,3928363,3928363,1675278005702,True,True
3741800,110932.70000000,0.56480000,3928364,3928364,1675278005794,True,True
3741801,110910.90000000,0.62400000,3928365,3928365,1675278005794,True,True
3741802,110888.40000000,0.08520000,3928366,3928366,1675278005794,True,True
3741803,110888.40000000,0.12660000,3928367,3928367,1675278005949,True,True
3741804,110888.40000000,0.18000000,3928368,3928368,1675278005972,True,True
3741805,110888.40000000,0.35840000,3928369,3928369,1675278005981,True,True
3741806,110803.20000000,0.75140000,3928370,3928370,1675278005981,True,True
3741807,110718.10000000,0.16530000,3928371,3928371,1675278005981,True,True
3741808,110910.80000000,0.08310000,3928372,3928372,1675278008351,False,True
3741809,110718.20000000,0.22420000,3928373,3928373,1675278010039,False,True
3741810,110814.60000000,0.06360000,3928374,3928374,1675278012115,False,True
3741811,110814.60000000,0.06360000,3928375,3928375,1675278012327,False,True
3741812,110911.00000000,0.00770000,3928376,3928376,1675278012825,False,True
3741813,110911.00000000,0.12730000,3928377,3928377,1675278013154,False,True
3741814,110911.00000000,0.08780000,3928378,3928378,1675278013417,False,True
3741815,110862.80000000,0.15550000,3928379,3928379,1675278014865,False,True
3741816,110862.80000000,0.15570000,3928380,3928380,1675278014874,False,True
3741817,110862.80000000,0.07800000,3928381,3928381,1675278014891,False,True
3741818,110862.80000000,0.01420000,3928382,3928382,1675278014909,False,True
3741819,110911.00000000,0.00010000,3928383,3928383,1675278014909,False,True
3741820,111065.80000000,0.01420000,3928384,3928384,1675278015364,False,True
3741821,111065.80000000,0.01420000,3928385,3928385,1675278015364,False,True
3741822,111065.80000000,0.19670000,3928386,3928386,1675278017157,False,True
3741823,111203.20000000,0.40140000,3928387,3928387,1675278018496,False,True
3741824,111094.90000000,0.25180000,3928388,3928388,1675278024620,True,True
3741825,111342.50000000,0.07020000,3928389,3928389,1675278034283,False,True
3741826,111384.10000000,0.16500000,3928390,3928390,1675278039149,False,True
3741827,111360.20000000,0.24840000,3928391,3928391,1675278042649,True,True
3741828,111298.60000000,0.06330000,3928392,3928392,1675278045170,False,True
3741829,111432.30000000,0.62400000,3928393,3928393,1675278048132,False,True
3741830,111524.40000000,0.13430000,3928394,3928394,1675278049488,True,True
3741831,111524.40000000,0.11380000,3928395,3928395,1675278049489,True,True
3741832,111537.00000000,0.10090000,3928396,3928396,1675278080893,False,True
3741833,111537.00000000,0.10090000,3928397,3928397,1675278081294,False,True
3741834,111570.00000000,0.14950000,3928398,3928398,1675278083231,False,True
3741835,111570.00000000,0.14950000,3928399,3928399,1675278083292,False,True
3741836,111570.00000000,0.11790000,3928400,3928400,1675278083494,False,True
3741837,111597.00000000,0.00500000,3928401,3928401,1675278096752,False,True
3741838,111353.00000000,0.09860000,3928402,3928402,1675278183393,True,True
3741839,111353.00000000,0.53140000,3928403,3928403,1675278183573,True,True
3741840,111209.80000000,0.61860000,3928404,3928404,1675278185734,True,True
3741841,111246.50000000,0.06330000,3928405,3928405,1675278187555,True,True
3741842,111071.80000000,0.00530000,3928406,3928406,1675278225004,False,True
3741843,111071.80000000,0.02920000,3928407,3928407,1675278225079,False,True
3741844,111071.80000000,0.02920000,3928408,3928408,1675278225138,False,True
3741845,111209.80000000,0.00570000,3928409,3928409,1675278239431,True,True
3741846,110969.60000000,0.25710000,3928410,3928410,1675278425728,False,True
3741847,110969.60000000,0.12680000,3928411,3928411,1675278428014,False,True
3741848,111138.10000000,0.23650000,3928412,3928412,1675278460972,False,True
3741849,111341.30000000,0.06320000,3928413,3928413,1675278546315,True,True
3741850,111341.30000000,0.06320000,3928414,3928414,1675278546427,True,True
3741851,111341.30000000,0.06320000,3928415,3928415,1675278546488,True,True
3741852,111341.30000000,0.06320000,3928416,3928416,1675278546557,True,True
3741853,111341.30000000,0.06320000,3928417,3928417,1675278546707,True,True
3741854,111341.30000000,0.06320000,3928418,3928418,1675278546926,True,True
3741855,111341.30000000,0.06320000,3928419,3928419,1675278547357,True,True
3741856,111341.30000000,0.06320000,3928420,3928420,1675278547413,True,True
3741857,111341.30000000,0.06320000,3928421,3928421,1675278547482,True,True
3741858,111341.30000000,0.05160000,3928422,3928422,1675278547604,True,True
3741859,111412.10000000,0.00130000,3928423,3928423,1675278880093,True,True
3741860,111341.30000000,0.00440000,3928424,3928424,1675278965289,True,True
3741861,111056.20000000,0.03680000,3928425,3928425,1675279045323,True,True
3741862,111056.20000000,0.03680000,3928426,3928426,1675279045693,True,True
3741863,111056.20000000,0.05280000,3928427,3928427,1675279049079,True,True
3741864,111067.80000000,0.06220000,3928428,3928428,1675279144986,False,True
3741865,111168.30000000,0.07850000,3928429,3928429,1675279210376,False,True
3741866,111083.30000000,0.05660000,3928430,3928430,1675279276329,True,True
3741867,111269.00000000,0.00530000,3928431,3928431,1675279320302,False,True
3741868,111267.90000000,0.01350000,3928432,3928432,1675279329303,False,True
3741869,110892.50000000,0.06100000,3928433,3928433,1675279842281,True,True
3741870,110844.30000000,0.06690000,3928434,3928434,1675279855811,False,True
3741871,110844.30000000,0.06690000,3928435,3928435,1675279855874,False,True
3741872,110562.70000000,0.00450000,3928436,3928436,1675279919220,True,True
3741873,110500.70000000,0.03140000,3928437,3928437,1675279919685,True,True
3741874,110400.00000000,0.15500000,3928438,3928438,1675279920780,True,True
3741875,110395.30000000,0.08090000,3928439,3928439,1675279920971,True,True
3741876,110250.00000000,0.00560000,3928440,3928441,1675279921086,True,True
3741877,110100.00000000,0.01440000,3928442,3928442,1675279957297,True,True
3741878,110097.00000000,0.00200000,3928443,3928443,1675279957297,True,True
3741879,110044.00000000,0.04250000,3928444,3928444,1675279957868,True,True
3741880,110080.00000000,0.00530000,3928445,3928445,1675279977527,False,True
3741881,110071.50000000,0.24880000,3928446,3928446,1675279987509,True,True
3741882,110021.20000000,0.15000000,3928447,3928447,1675279994130,False,True
3741883,110021.20000000,0.07630000,3928448,3928448,1675279994130,False,True
3741884,110080.00000000,0.00070000,3928449,3928449,1675280046445,False,True
3741885,110105.20000000,0.16650000,3928450,3928450,1675280046445,False,True
3741886,110105.20000000,0.45130000,3928451,3928451,1675280047523,False,True
3741887,110237.80000000,0.00620000,3928452,3928452,1675280090997,False,True
3741888,110360.60000000,0.05800000,3928453,3928453,1675280098805,False,True
3741889,111268.00000000,0.04250000,3928454,3928454,1675280238948,False,True
3741890,111366.90000000,0.34780000,3928455,3928455,1675280242654,False,True
3741891,111366.90000000,0.08780000,3928456,3928456,1675280243427,False,True
3741892,111366.90000000,0.11780000,3928457,3928457,1675280243509,False,True
3741893,111366.90000000,0.05970000,3928458,3928458,1675280243537,False,True
3741894,111366.90000000,0.03000000,3928459,3928459,1675280243575,False,True
3741895,111366.90000000,0.01510000,3928460,3928460,1675280243631,False,True
3741896,111366.90000000,0.01190000,3928461,3928461,1675280243687,False,True
3741897,111459.50000000,0.55040000,3928462,3928462,1675280243896,False,True
3741898,111549.30000000,0.00860000,3928463,3928463,1675280247089,False,True
3741899,111549.30000000,0.54440000,3928464,3928464,1675280256198,False,True
3741900,111637.70000000,0.27920000,3928465,3928465,1675280257264,False,True
3741901,111472.90000000,0.06310000,3928466,3928466,1675280323485,True,True
3741902,111472.90000000,0.06310000,3928467,3928467,1675280323576,True,True
3741903,111472.90000000,0.05870000,3928468,3928468,1675280323647,True,True
3741904,111472.90000000,0.22690000,3928469,3928469,1675280323821,True,True
3741905,111452.00000000,0.21260000,3928470,3928470,1675280324924,True,True
3741906,111375.30000000,0.28350000,3928471,3928471,1675280327213,True,True
3741907,111375.30000000,0.34100000,3928472,3928472,1675280327827,True,True
3741908,111446.10000000,0.00710000,3928473,3928473,1675280346629,True,True
3741909,111468.20000000,0.00440000,3928474,3928474,1675280365046,True,True
3741910,111630.70000000,0.00570000,3928475,3928475,1675280374676,True,True
3741911,111630.70000000,0.18840000,3928476,3928476,1675280376563,True,True
3741912,111549.40000000,0.05400000,3928477,3928477,1675280377292,True,True
3741913,111646.90000000,0.17660000,3928478,3928478,1675280387202,False,True
3741914,111700.00000000,0.00300000,3928479,3928479,1675280417761,False,True
3741915,111716.30000000,0.32820000,3928480,3928480,1675280417761,False,True
3741916,111716.30000000,0.29630000,3928481,3928481,1675280417899,False,True
3741917,112000.00000000,0.63240000,3928482,3928482,1675280449860,False,True
3741918,112000.00000000,0.50300000,3928483,3928484,1675280451411,False,True
3741919,112000.00000000,0.50300000,3928485,3928485,1675280451777,False,True
3741920,112000.00000000,0.50300000,3928486,3928486,1675280451841,False,True
3741921,112000.00000000,0.38490000,3928487,3928487,1675280451896,False,True
3741922,112119.90000000,0.00680000,3928488,3928488,1675280462565,False,True
3741923,112147.40000000,0.00200000,3928489,3928489,1675280462565,False,True
3741924,112150.20000000,0.00650000,3928490,3928490,1675280462565,False,True
3741925,112118.80000000,0.00290000,3928491,3928491,1675280466691,True,True
3741926,112118.80000000,0.18760000,3928492,3928492,1675280475300,True,True
3741927,112135.40000000,0.01440000,3928493,3928493,1675280492509,False,True
3741928,112150.10000000,0.25050000,3928494,3928494,1675280523959,True,True
3741929,112150.20000000,0.00060000,3928495,3928495,1675280526909,False,True
3741930,112168.70000000,0.00250000,3928496,3928496,1675280526909,False,True
3741931,112311.80000000,0.18610000,3928497,3928497,1675280526909,False,True
3741932,112311.80000000,0.04120000,3928498,3928498,1675280527560,False,True
3741933,112311.80000000,0.17960000,3928499,3928499,1675280527787,False,True
3741934,112311.80000000,0.21130000,3928500,3928500,1675280527858,False,True
3741935,112403.30000000,0.04170000,3928501,3928501,1675280527858,False,True
3741936,112262.30000000,0.18780000,3928502,3928502,1675280543969,True,True
3741937,112262.30000000,0.06240000,3928503,3928503,1675280544411,True,True
3741938,112150.10000000,0.06240000,3928504,3928504,1675280544501,True,True
3741939,112247.60000000,0.04130000,3928505,3928505,1675280559100,False,True
3741940,112247.60000000,0.18210000,3928506,3928506,1675280559544,False,True
3741941,112323.90000000,0.02060000,3928507,3928507,1675280562526,False,True
3741942,112323.90000000,0.02060000,3928508,3928508,1675280562595,False,True
3741943,112323.90000000,0.02060000,3928509,3928509,1675280563106,False,True
3741944,112274.20000000,0.19540000,3928510,3928510,1675280569219,True,True
3741945,112274.20000000,0.28450000,3928511,3928511,1675280575093,True,True
3741946,112274.20000000,0.12520000,3928512,3928512,1675280575323,True,True
3741947,112274.20000000,0.01300000,3928513,3928513,1675280575436,True,True
3741948,112270.90000000,0.12520000,3928514,3928514,1675280575955,True,True
3741949,112270.90000000,0.12520000,3928515,3928515,1675280576033,True,True
3741950,112270.90000000,0.22780000,3928516,3928516,1675280576449,True,True
3741951,112270.90000000,0.08700000,3928517,3928517,1675280579515,True,True
3741952,112298.20000000,0.01500000,3928518,3928518,1675280588803,False,True
3741953,112398.50000000,0.01500000,3928519,3928519,1675280596408,False,True
3741954,112398.50000000,0.01500000,3928520,3928520,1675280596555,False,True
3741955,112398.50000000,0.01500000,3928521,3928521,1675280596901,False,True
3741956,112398.50000000,0.17940000,3928522,3928522,1675280597264,False,True
3741957,112411.10000000,0.24060000,3928523,3928523,1675280597335,False,True
3741958,112411.10000000,0.14770000,3928524,3928524,1675280598133,False,True
3741959,112231.50000000,0.00750000,3928525,3928525,1675280599106,True,True
3741960,112411.10000000,0.20810000,3928526,3928526,1675280601870,False,True
3741961,112411.10000000,0.08010000,3928527,3928527,1675280601920,False,True
3741962,112476.40000000,0.00180000,3928528,3928528,1675280605867,False,True
3741963,112499.00000000,0.01100000,3928529,3928529,1675280605867,False,True
3741964,112499.00000000,0.01270000,3928530,3928530,1675280605870,False,True
3741965,112499.00000000,0.38710000,3928531,3928531,1675280605918,False,True
3741966,112500.00000000,0.00450000,3928532,3928532,1675280606039,False,True
3741967,112597.00000000,0.00500000,3928533,3928533,1675280610191,False,True
3741968,112683.00000000,0.25470000,3928534,3928534,1675280610191,False,True
3741969,112683.00000000,0.15150000,3928535,3928535,1675280610201,False,True
3741970,112700.20000000,0.00100000,3928536,3928536,1675280615889,False,True
3741971,112750.50000000,0.03420000,3928537,3928537,1675280615889,False,True
3741972,112800.00000000,0.00200000,3928538,3928538,1675280619005,False,True
3741973,112838.90000000,0.00180000,3928539,3928539,1675280619005,False,True
3741974,112900.00000000,0.18220000,3928540,3928540,1675280619005,False,True
3741975,112935.50000000,0.00770000,3928541,3928541,1675280623479,True,True
3741976,112924.20000000,0.06210000,3928542,3928542,1675280630516,True,True
3741977,113000.00000000,0.76400000,3928543,3928545,1675280633950,False,True
3741978,112992.40000000,0.06210000,3928546,3928546,1675280637119,True,True
3741979,112992.40000000,0.06210000,3928547,3928547,1675280637171,True,True
3741980,113000.00000000,0.07780000,3928548,3928548,1675280646320,False,True
3741981,113088.40000000,0.12460000,3928549,3928549,1675280651469,False,True
3741982,113004.20000000,0.00770000,3928550,3928550,1675280654130,True,True
3741983,113088.50000000,0.00090000,3928551,3928551,1675280657562,False,True
3741984,113054.90000000,0.12460000,3928552,3928552,1675280659045,False,True
3741985,113055.00000000,0.22560000,3928553,3928553,1675280659111,False,True
3741986,113088.40000000,0.25020000,3928554,3928554,1675280663679,True,True
3741987,112996.50000000,0.24860000,3928555,3928555,1675280672027,True,True
3741988,112996.50000000,0.00010000,3928556,3928556,1675280672141,True,True
3741989,112927.50000000,0.05920000,3928557,3928557,1675280672141,True,True
3741990,112927.60000000,0.05930000,3928558,3928558,1675280677613,True,True
3741991,112863.80000000,0.17400000,3928559,3928559,1675280677613,True,True
3741992,112927.70000000,0.14220000,3928560,3928560,1675280679837,True,True
3741993,112927.70000000,0.03350000,3928561,3928561,1675280680959,True,True
3741994,112927.70000000,0.21970000,3928562,3928562,1675280681844,True,True
3741995,112927.70000000,0.22910000,3928563,3928563,1675280682311,True,True
3741996,112858.10000000,0.62450000,3928564,3928564,1675280686055,True,True
3741997,112965.00000000,0.10730000,3928565,3928565,1675280738430,False,True
3741998,112954.30000000,0.21210000,3928566,3928566,1675280788783,False,True
3741999,112954.30000000,0.00110000,3928567,3928567,1675280794322,False,True
3742000,112954.30000000,0.08890000,3928568,3928568,1675280797029,False,True
3742001,112954.30000000,0.30090000,3928569,3928569,1675280797834,False,True
3742002,112969.10000000,0.02170000,3928570,3928570,1675280800690,False,True
3742003,113080.40000000,0.10310000,3928571,3928571,1675280817286,False,True
3742004,113009.80000000,0.00890000,3928572,3928572,1675280821423,True,True
3742005,113080.40000000,0.04410000,3928573,3928573,1675280822534,False,True
3742006,113080.40000000,0.47730000,3928574,3928574,1675280824829,False,True
3742007,113067.80000000,0.05830000,3928575,3928575,1675280828422,True,True
3742008,113088.50000000,0.00010000,3928576,3928576,1675280851280,False,True
3742009,113100.00000000,0.01820000,3928577,3928577,1675280851280,False,True
3742010,113150.00000000,0.11160000,3928578,3928578,1675280851415,False,True
3742011,113200.00000000,0.69260000,3928579,3928579,1675280853027,False,True
3742012,113199.90000000,0.00820000,3928580,3928580,1675280857976,True,True
3742013,113262.90000000,0.21360000,3928581,3928581,1675280861511,True,True
3742014,113262.90000000,0.03740000,3928582,3928582,1675280861762,True,True
3742015,113263.00000000,0.00820000,3928583,3928583,1675280867799,False,True
3742016,113268.30000000,0.17660000,3928584,3928584,1675280867799,False,True
3742017,113268.30000000,0.00010000,3928585,3928585,1675280867799,False,True
3742018,113325.50000000,0.15430000,3928586,3928586,1675280870483,True,True
3742019,113365.70000000,0.00670000,3928587,3928587,1675280883463,False,True
3742020,113468.80000000,0.06310000,3928588,3928588,1675280885448,True,True
3742021,113468.80000000,0.06310000,3928589,3928589,1675280885749,True,True
3742022,113468.80000000,0.12160000,3928590,3928590,1675280890027,True,True
3742023,113476.60000000,0.16220000,3928591,3928591,1675280891887,True,True
3742024,113476.60000000,0.09020000,3928592,3928592,1675280892116,True,True
3742025,113438.60000000,0.16650000,3928593,3928593,1675280892215,True,True
3742026,113438.60000000,0.09020000,3928594,3928594,1675280892302,True,True
3742027,113438.60000000,0.19180000,3928595,3928595,1675280892396,True,True
3742028,113400.70000000,0.62450000,3928596,3928596,1675280892847,True,True
3742029,113400.60000000,0.61560000,3928597,3928597,1675280892908,True,True
3742030,113332.50000000,0.00890000,3928598,3928598,1675280892908,True,True
3742031,113298.40000000,0.18610000,3928599,3928599,1675280915138,True,True
3742032,113199.90000000,0.18610000,3928600,3928600,1675280915461,True,True
3742033,113317.00000000,0.01330000,3928601,3928601,1675280921047,False,True
3742034,113332.70000000,0.06170000,3928602,3928602,1675280954056,True,True
3742035,113402.20000000,0.06170000,3928603,3928603,1675280970251,False,True
3742036,113433.00000000,0.18610000,3928604,3928604,1675281006471,False,True
3742037,113476.70000000,0.00100000,3928605,3928605,1675281028728,False,True
3742038,113500.00000000,0.02500000,3928606,3928606,1675281028740,False,True
3742039,113500.00000000,0.02780000,3928607,3928607,1675281028895,False,True
3742040,113500.00000000,0.04720000,3928608,3928608,1675281039915,False,True
3742041,113536.10000000,0.00250000,3928609,3928609,1675281041249,False,True
3742042,113543.20000000,0.25730000,3928610,3928610,1675281041249,False,True
3742043,113543.20000000,0.14970000,3928611,3928611,1675281041314,False,True
3742044,113558.20000000,0.09900000,3928612,3928612,1675281041314,False,True
3742045,113580.00000000,0.00170000,3928613,3928613,1675281050166,False,True
3742046,113597.00000000,0.00500000,3928614,3928614,1675281062738,False,True
3742047,113602.70000000,0.00330000,3928615,3928615,1675281062797,False,True
3742048,113602.70000000,0.00330000,3928616,3928616,1675281063013,False,True
3742049,113602.70000000,0.00200000,3928617,3928617,1675281080174,False,True
3742050,113778.10000000,0.00850000,3928618,3928618,1675281080174,False,True
3742051,113583.30000000,0.04440000,3928619,3928619,1675281088879,True,True
3742052,113811.20000000,0.28740000,3928620,3928621,1675281151309,False,True
3742053,113864.90000000,0.00100000,3928622,3928622,1675281172894,False,True
3742054,113950.00000000,0.02220000,3928623,3928623,1675281172894,False,True
3742055,113952.80000000,0.01320000,3928624,3928624,1675281172894,False,True
3742056,114000.00000000,0.02830000,3928625,3928626,1675281173457,False,True
3742057,114000.00000000,0.03380000,3928627,3928627,1675281173591,False,True
3742058,114000.00000000,0.36420000,3928628,3928630,1675281173658,False,True
3742059,114000.00000000,0.32690000,3928631,3928632,1675281176391,False,True
3742060,114000.00000000,0.17800000,3928633,3928633,1675281176773,False,True
3742061,114000.00000000,0.07510000,3928634,3928634,1675281179605,False,True
3742062,114062.50000000,0.00300000,3928635,3928635,1675281185643,False,True
3742063,114154.10000000,0.32240000,3928636,3928636,1675281189388,False,True
3742064,114137.60000000,0.06150000,3928637,3928637,1675281202611,True,True
3742065,114137.60000000,0.06090000,3928638,3928638,1675281202745,True,True
3742066,114067.30000000,0.12320000,3928639,3928639,1675281208505,True,True
3742067,114067.30000000,0.12320000,3928640,3928640,1675281208575,True,True
3742068,114067.30000000,0.05270000,3928641,3928641,1675281209741,True,True
3742069,114196.20000000,0.01320000,3928642,3928642,1675281237687,False,True
3742070,114004.80000000,0.14150000,3928643,3928643,1675281253094,True,True
3742071,113992.80000000,0.16330000,3928644,3928644,1675281262981,True,True
3742072,113992.40000000,0.06140000,3928645,3928645,1675281270666,True,True
3742073,114113.80000000,0.00690000,3928646,3928646,1675281270967,True,True
3742074,114113.80000000,0.04250000,3928647,3928647,1675281271104,True,True
3742075,114113.80000000,0.01190000,3928648,3928648,1675281271178,True,True
3742076,114206.20000000,0.06150000,3928649,3928649,1675281307034,False,True
3742077,114206.20000000,0.24320000,3928650,3928650,1675281307299,False,True
3742078,114285.30000000,0.02000000,3928651,3928651,1675281307747,False,True
3742079,114290.00000000,0.06130000,3928652,3928652,1675281310266,False,True
3742080,114134.00000000,0.24390000,3928653,3928653,1675281323027,True,True
3742081,114083.30000000,0.03630000,3928654,3928654,1675281323659,True,True
3742082,113982.70000000,0.06120000,3928655,3928655,1675281395322,True,True
3742083,114115.10000000,0.03540000,3928656,3928656,1675281395549,True,True
3742084,114115.10000000,0.02600000,3928657,3928657,1675281396668,True,True
3742085,113954.90000000,0.02600000,3928658,3928658,1675281396848,True,True
3742086,113845.20000000,0.01530000,3928659,3928659,1675281454906,True,True
3742087,113778.90000000,0.09880000,3928660,3928660,1675281466955,False,True
3742088,113902.50000000,0.06140000,3928661,3928661,1675281484036,False,True
3742089,113736.70000000,0.06140000,3928662,3928662,1675281496666,True,True
3742090,113799.20000000,0.47030000,3928663,3928663,1675281546988,False,True
3742091,113762.60000000,0.02530000,3928664,3928664,1675281551554,True,True
3742092,113762.60000000,0.02530000,3928665,3928665,1675281551626,True,True
3742093,113762.60000000,0.02530000,3928666,3928666,1675281551694,True,True
3742094,113762.60000000,0.02530000,3928667,3928667,1675281551757,True,True
3742095,113940.30000000,0.00190000,3928668,3928668,1675281613184,True,True
3742096,114053.60000000,0.04060000,3928669,3928669,1675281621639,False,True
3742097,114053.60000000,0.06090000,3928670,3928670,1675281622153,False,True
3742098,114053.60000000,0.05270000,3928671,3928671,1675281622604,False,True
3742099,114089.90000000,0.24820000,3928672,3928672,1675281625831,True,True
3742100,114149.60000000,0.25000000,3928673,3928673,1675281627598,True,True
3742101,113959.30000000,0.06140000,3928674,3928674,1675281656843,True,True
3742102,113959.20000000,0.25220000,3928675,3928675,1675281656903,True,True
3742103,114000.00000000,0.31390000,3928676,3928676,1675281707197,False,True
3742104,114000.00000000,0.31390000,3928677,3928677,1675281707324,False,True
3742105,114000.00000000,3.38720000,3928678,3928678,1675281710578,False,True
3742106,113983.00000000,0.62450000,3928679,3928679,1675281712385,True,True
3742107,113937.60000000,0.25240000,3928680,3928680,1675281712385,True,True
3742108,113919.00000000,0.36000000,3928681,3928681,1675281712385,True,True
3742109,114000.00000000,0.14770000,3928682,3928682,1675281718494,False,True
3742110,114000.00000000,0.23730000,3928683,3928683,1675281723161,False,True
3742111,113941.50000000,0.14780000,3928684,3928684,1675281801797,False,True
3742112,113879.10000000,0.14810000,3928685,3928685,1675281807802,False,True
3742113,113886.30000000,0.44700000,3928686,3928686,1675281821751,True,True
3742114,113845.60000000,0.05200000,3928687,3928687,1675281821751,True,True
3742115,113941.40000000,0.06140000,3928688,3928688,1675281822759,False,True
3742116,113971.90000000,0.24770000,3928689,3928689,1675281860600,True,True
3742117,113947.90000000,0.02340000,3928690,3928690,1675281860600,True,True
3742118,113946.00000000,0.14770000,3928691,3928691,1675281928814,False,True
3742119,113946.00000000,0.02580000,3928692,3928692,1675281929480,False,True
3742120,113946.00000000,0.02580000,3928693,3928693,1675281929944,False,True
3742121,113946.00000000,0.14790000,3928694,3928694,1675281933812,False,True
3742122,113946.00000000,0.00720000,3928695,3928695,1675281934148,False,True
3742123,113946.00000000,0.01440000,3928696,3928696,1675281935553,False,True
3742124,113946.00000000,0.13070000,3928697,3928697,1675281943741,False,True
3742125,114010.30000000,0.14790000,3928698,3928698,1675281946124,False,True
3742126,114122.60000000,0.01530000,3928699,3928699,1675281970931,False,True
3742127,114137.20000000,0.14880000,3928700,3928700,1675281998890,True,True
3742128,114137.20000000,0.14570000,3928701,3928701,1675281999631,True,True
3742129,114135.10000000,0.04220000,3928702,3928702,1675282010256,True,True
3742130,114242.40000000,0.08160000,3928703,3928703,1675282035642,False,True
3742131,114294.50000000,0.22360000,3928704,3928704,1675282048647,False,True
3742132,114197.10000000,0.06580000,3928705,3928705,1675282071370,False,True
3742133,114197.20000000,0.08180000,3928706,3928706,1675282071370,False,True
3742134,114125.50000000,0.06130000,3928707,3928707,1675282075668,True,True
3742135,114125.50000000,0.12300000,3928708,3928708,1675282076368,False,True
3742136,114125.60000000,0.02480000,3928709,3928709,1675282076368,False,True
3742137,114125.50000000,0.12300000,3928710,3928710,1675282081439,False,True
3742138,114125.60000000,0.02480000,3928711,3928711,1675282081439,False,True
3742139,114081.10000000,0.07310000,3928712,3928712,1675282086367,False,True
3742140,114081.10000000,0.14790000,3928713,3928713,1675282089377,False,True
3742141,114127.30000000,0.12300000,3928714,3928714,1675282092373,False,True
3742142,114139.10000000,0.02480000,3928715,3928715,1675282092373,False,True
3742143,114139.10000000,0.13850000,3928716,3928716,1675282095374,False,True
3742144,114139.20000000,0.00930000,3928717,3928717,1675282095374,False,True
3742145,113885.10000000,0.14810000,3928718,3928718,1675282108825,False,True
3742146,113885.10000000,0.07310000,3928719,3928719,1675282111827,False,True
3742147,113978.00000000,0.14790000,3928720,3928720,1675282114833,False,True
3742148,114072.70000000,0.05750000,3928721,3928721,1675282129825,False,True
3742149,114105.90000000,0.12260000,3928722,3928722,1675282136495,False,True
3742150,114106.00000000,0.03290000,3928723,3928723,1675282136495,False,True
3742151,114106.00000000,0.07310000,3928724,3928724,1675282139385,False,True
3742152,114106.00000000,0.29360000,3928725,3928725,1675282141959,False,True
3742153,114163.90000000,0.14760000,3928726,3928726,1675282142388,False,True
3742154,114072.60000000,0.06130000,3928727,3928727,1675282142612,False,True
3742155,114163.90000000,0.30000000,3928728,3928728,1675282146464,False,True
3742156,114163.90000000,0.17690000,3928729,3928729,1675282146672,False,True
3742157,114134.10000000,0.38980000,3928730,3928730,1675282171814,True,True
3742158,114134.10000000,0.29640000,3928731,3928731,1675282171874,True,True
3742159,114031.30000000,0.09340000,3928732,3928732,1675282171874,True,True
3742160,114031.40000000,0.12310000,3928733,3928733,1675282171945,True,True
3742161,114031.30000000,0.08840000,3928734,3928734,1675282171945,True,True
3742162,114111.40000000,0.14760000,3928735,3928735,1675282176063,False,True
3742163,114111.40000000,0.07720000,3928736,3928736,1675282181109,False,True
3742164,114202.50000000,0.07050000,3928737,3928737,1675282181109,False,True
3742165,114067.20000000,0.06130000,3928738,3928738,1675282183072,True,True
3742166,114079.00000000,0.06130000,3928739,3928739,1675282183409,True,True
3742167,114093.70000000,0.07310000,3928740,3928740,1675282184113,False,True
3742168,114067.20000000,0.04240000,3928741,3928741,1675282185111,True,True
3742169,114093.70000000,0.14780000,3928742,3928742,1675282187114,False,True
3742170,114042.60000000,0.02460000,3928743,3928743,1675282208502,True,True
3742171,114005.40000000,0.12320000,3928744,3928744,1675282212446,True,True
3742172,114005.40000000,0.12320000,3928745,3928745,1675282212684,True,True
3742173,114005.40000000,0.06160000,3928746,3928746,1675282212791,True,True
3742174,114005.40000000,0.18820000,3928747,3928747,1675282213112,True,True
3742175,114057.90000000,0.06130000,3928748,3928748,1675282249863,False,True
3742176,114058.00000000,0.06620000,3928749,3928749,1675282249863,False,True
3742177,113626.90000000,0.00520000,3928750,3928750,1675282379366,False,True
3742178,113594.20000000,0.01580000,3928751,3928751,1675282380252,True,True
3742179,113466.90000000,0.09270000,3928752,3928752,1675282645788,False,True
3742180,113466.90000000,0.06740000,3928753,3928753,1675282645928,False,True
3742181,113466.90000000,0.06430000,3928754,3928754,1675282645992,False,True
3742182,113634.10000000,0.40020000,3928755,3928755,1675282729254,False,True
3742183,113656.10000000,0.00420000,3928756,3928756,1675282765120,True,True
3742184,113799.10000000,0.37700000,3928757,3928757,1675283023592,True,True
3742185,113799.10000000,0.24330000,3928758,3928758,1675283023708,True,True
3742186,114224.80000000,0.62450000,3928759,3928759,1675283192369,False,True
3742187,114224.70000000,0.04360000,3928760,3928760,1675283192935,False,True
3742188,114250.00000000,0.07000000,3928761,3928761,1675283200211,False,True
3742189,114212.30000000,0.04350000,3928762,3928762,1675283220152,True,True
3742190,114456.80000000,0.03110000,3928763,3928763,1675283286543,False,True
3742191,114500.00000000,0.04040000,3928764,3928764,1675283287721,False,True
3742192,114500.00000000,0.06180000,3928765,3928765,1675283290628,False,True
3742193,114500.00000000,0.91420000,3928766,3928766,1675283290698,False,True
3742194,114500.00000000,0.59240000,3928767,3928769,1675283290908,False,True
3742195,114526.90000000,0.06180000,3928770,3928770,1675283293903,False,True
3742196,114526.90000000,0.79000000,3928771,3928771,1675283297286,False,True
3742197,114562.40000000,0.62450000,3928772,3928772,1675283297665,False,True
3742198,114569.60000000,1.11290000,3928773,3928773,1675283297794,False,True
3742199,114597.00000000,0.00500000,3928774,3928774,1675283305607,False,True
3742200,114636.80000000,0.48770000,3928775,3928775,1675283305664,False,True
3742201,114700.00000000,0.68550000,3928776,3928776,1675283314521,False,True
3742202,114700.00000000,0.00940000,3928777,3928777,1675283400230,False,True
3742203,114783.50000000,0.00280000,3928778,3928778,1675283407931,True,True
3742204,114800.50000000,0.00520000,3928779,3928779,1675283431979,False,True
3742205,114836.90000000,0.01310000,3928780,3928780,1675283432012,False,True
3742206,114850.00000000,0.05050000,3928781,3928781,1675283434301,True,True
3742207,114850.00000000,0.00280000,3928782,3928782,1675283436809,True,True
3742208,114850.00000000,0.00280000,3928783,3928783,1675283437068,True,True
3742209,114850.00000000,0.00280000,3928784,3928784,1675283437166,True,True
3742210,114850.00000000,0.00280000,3928785,3928785,1675283437232,True,True
3742211,114850.00000000,0.00280000,3928786,3928786,1675283437302,True,True
3742212,114850.00000000,0.00280000,3928787,3928787,1675283437360,True,True
3742213,114850.00000000,0.00280000,3928788,3928788,1675283437418,True,True
3742214,114850.00000000,0.00280000,3928789,3928789,1675283437644,True,True
3742215,114850.00000000,0.00280000,3928790,3928790,1675283437704,True,True
3742216,114850.00000000,0.00280000,3928791,3928791,1675283437832,True,True
3742217,114849.90000000,0.00280000,3928792,3928792,1675283437900,True,True
3742218,114849.90000000,0.00280000,3928793,3928793,1675283437977,True,True
3742219,114849.90000000,0.00280000,3928794,3928794,1675283438041,True,True
3742220,114849.90000000,0.00280000,3928795,3928795,1675283438092,True,True
3742221,114849.90000000,0.00280000,3928796,3928796,1675283438282,True,True
3742222,114849.90000000,0.00280000,3928797,3928797,1675283438352,True,True
3742223,114849.90000000,0.00280000,3928798,3928798,1675283438426,True,True
3742224,114849.90000000,0.00280000,3928799,3928799,1675283438484,True,True
3742225,114849.90000000,0.00280000,3928800,3928800,1675283438563,True,True
3742226,114849.90000000,0.00280000,3928801,3928801,1675283438627,True,True
3742227,114849.90000000,0.00280000,3928802,3928802,1675283438689,True,True
3742228,114849.90000000,0.00280000,3928803,3928803,1675283438762,True,True
3742229,114849.90000000,0.00280000,3928804,3928804,1675283438957,True,True
3742230,114849.90000000,0.00280000,3928805,3928805,1675283439047,True,True
3742231,114849.90000000,0.00280000,3928806,3928806,1675283439112,True,True
3742232,114849.90000000,0.00280000,3928807,3928807,1675283439171,True,True
3742233,114849.90000000,0.00280000,3928808,3928808,1675283439244,True,True
3742234,114849.90000000,0.00280000,3928809,3928809,1675283439512,True,True
3742235,114849.90000000,0.00280000,3928810,3928810,1675283439589,True,True
3742236,114849.90000000,0.00280000,3928811,3928811,1675283439645,True,True
3742237,114849.90000000,0.00280000,3928812,3928812,1675283439717,True,True
3742238,114849.90000000,0.00280000,3928813,3928813,1675283439777,True,True
3742239,114849.90000000,0.00280000,3928814,3928814,1675283439832,True,True
3742240,114937.90000000,0.02400000,3928815,3928815,1675283446233,False,True
3742241,114936.60000000,0.01720000,3928816,3928816,1675283455852,True,True
3742242,114942.80000000,0.31750000,3928817,3928817,1675283491462,True,True
3742243,114942.80000000,0.23780000,3928818,3928818,1675283492567,True,True
3742244,114942.80000000,0.06920000,3928819,3928819,1675283493546,True,True
3742245,114945.70000000,0.00220000,3928820,3928820,1675283507155,False,True
3742246,114945.70000000,0.01310000,3928821,3928821,1675283511661,False,True
3742247,114815.00000000,0.00190000,3928822,3928822,1675283516876,True,True
3742248,114815.00000000,0.02490000,3928823,3928823,1675283516981,True,True
3742249,114853.20000000,0.00930000,3928824,3928824,1675283531540,True,True
3742250,114937.90000000,0.00410000,3928825,3928825,1675283537344,False,True
3742251,114937.90000000,0.19650000,3928826,3928826,1675283565196,False,True
3742252,114935.50000000,0.00860000,3928827,3928827,1675283566848,True,True
3742253,114935.50000000,0.00860000,3928828,3928828,1675283566901,True,True
3742254,114935.50000000,0.00860000,3928829,3928829,1675283566966,True,True
3742255,114935.50000000,0.00860000,3928830,3928830,1675283567015,True,True
3742256,114935.50000000,0.00860000,3928831,3928831,1675283567076,True,True
3742257,114935.50000000,0.00860000,3928832,3928832,1675283567129,True,True
3742258,114888.50000000,0.05800000,3928833,3928833,1675283570405,True,True
3742259,114937.90000000,0.04320000,3928834,3928834,1675283572927,False,True
3742260,114984.60000000,0.00250000,3928835,3928835,1675283580449,True,True
3742261,114984.60000000,0.00250000,3928836,3928836,1675283580508,True,True
3742262,114984.60000000,0.00250000,3928837,3928837,1675283580559,True,True
3742263,114984.60000000,0.00250000,3928838,3928838,1675283580631,True,True
3742264,114984.60000000,0.00250000,3928839,3928839,1675283580677,True,True
3742265,114984.60000000,0.00250000,3928840,3928840,1675283580742,True,True
3742266,114949.00000000,0.12210000,3928841,3928841,1675283591241,True,True
3742267,114797.70000000,0.02300000,3928842,3928842,1675283612606,False,True
3742268,114938.80000000,0.22690000,3928843,3928843,1675283624612,False,True
3742269,114883.60000000,0.24970000,3928844,3928844,1675283629534,True,True
3742270,114917.70000000,0.22630000,3928845,3928845,1675283632608,False,True
3742271,114923.80000000,0.24910000,3928846,3928846,1675283658037,True,True
3742272,114767.50000000,0.01520000,3928847,3928847,1675283677621,True,True
3742273,114881.70000000,0.00410000,3928848,3928848,1675283725558,False,True
3742274,114961.70000000,0.01790000,3928849,3928849,1675283751510,True,True
3742275,115000.00000000,0.32280000,3928850,3928853,1675283812779,False,True
3742276,115000.00000000,0.32660000,3928854,3928859,1675283813060,False,True
3742277,114920.30000000,0.25200000,3928860,3928860,1675283906363,True,True
3742278,114895.50000000,0.22410000,3928861,3928861,1675284069206,False,True
3742279,114886.60000000,0.01870000,3928862,3928862,1675284070551,True,True
3742280,114920.10000000,0.01340000,3928863,3928863,1675284072959,False,True
3742281,115000.00000000,0.54160000,3928864,3928864,1675284149976,False,True
3742282,115000.00000000,0.01280000,3928865,3928865,1675284150191,False,True
3742283,114936.50000000,0.01130000,3928866,3928866,1675284176921,True,True
3742284,114936.50000000,0.09800000,3928867,3928867,1675284178077,True,True
3742285,114762.90000000,0.00700000,3928868,3928868,1675284244376,False,True
3742286,114514.40000000,0.01560000,3928869,3928869,1675284588744,True,True
3742287,114451.20000000,0.05880000,3928870,3928870,1675284601026,True,True
3742288,114451.20000000,0.10180000,3928871,3928871,1675284601825,True,True
3742289,114431.00000000,0.01130000,3928872,3928872,1675284665123,False,True
3742290,114341.10000000,0.34340000,3928873,3928873,1675284844254,False,True
3742291,114400.60000000,0.11130000,3928874,3928874,1675284931951,True,True
3742292,114455.60000000,0.12250000,3928875,3928875,1675284940235,True,True
3742293,114451.40000000,0.06610000,3928876,3928876,1675284940606,True,True
3742294,114495.10000000,0.01340000,3928877,3928877,1675284964749,False,True
3742295,114495.10000000,0.13310000,3928878,3928878,1675284966109,False,True
3742296,114495.10000000,0.46110000,3928879,3928879,1675284966169,False,True
3742297,114446.50000000,0.00860000,3928880,3928880,1675284997374,True,True
3742298,114750.60000000,0.00990000,3928881,3928881,1675285212441,True,True
3742299,114750.60000000,0.24000000,3928882,3928882,1675285213026,True,True
3742300,114774.50000000,0.10590000,3928883,3928883,1675285220711,True,True
3742301,114774.50000000,0.10820000,3928884,3928884,1675285220768,True,True
3742302,114848.00000000,0.07210000,3928885,3928885,1675285447167,True,True
3742303,114825.90000000,0.06110000,3928886,3928886,1675285457135,True,True
3742304,114825.90000000,0.01280000,3928887,3928887,1675285463918,True,True
3742305,115015.60000000,0.00250000,3928888,3928888,1675285500408,False,True
3742306,115032.90000000,0.06850000,3928889,3928889,1675285512231,False,True
3742307,115052.30000000,0.00890000,3928890,3928890,1675285512444,False,True
3742308,115072.90000000,0.14550000,3928891,3928891,1675285512444,False,True
3742309,115072.90000000,0.00890000,3928892,3928892,1675285512444,False,True
3742310,115113.30000000,0.00910000,3928893,3928893,1675285523402,False,True
3742311,115120.30000000,0.06110000,3928894,3928894,1675285523402,False,True
3742312,115131.20000000,0.12220000,3928895,3928895,1675285523402,False,True
3742313,115131.20000000,0.10130000,3928896,3928896,1675285523422,False,True
3742314,115153.70000000,0.61140000,3928897,3928897,1675285523452,False,True
3742315,115153.70000000,0.12940000,3928898,3928898,1675285523500,False,True
3742316,115200.00000000,0.00250000,3928899,3928900,1675285527520,False,True
3742317,115205.80000000,0.40430000,3928901,3928901,1675285527520,False,True
3742318,115280.30000000,0.40210000,3928902,3928902,1675285528701,False,True
3742319,115280.30000000,0.20120000,3928903,3928903,1675285528826,False,True
3742320,115280.30000000,0.10090000,3928904,3928904,1675285528848,False,True
3742321,115280.30000000,0.05070000,3928905,3928905,1675285528876,False,True
3742322,115280.30000000,0.02550000,3928906,3928906,1675285528901,False,True
3742323,115280.30000000,0.00900000,3928907,3928907,1675285528943,False,True
3742324,115268.40000000,0.02360000,3928908,3928908,1675285544321,False,True
3742325,115343.20000000,0.06080000,3928909,3928909,1675285551202,False,True
3742326,115343.20000000,0.02610000,3928910,3928910,1675285551334,False,True
3742327,115343.20000000,0.04920000,3928911,3928911,1675285561373,False,True
3742328,115343.20000000,0.19420000,3928912,3928912,1675285565972,False,True
3742329,115343.20000000,0.03820000,3928913,3928913,1675285566092,False,True
3742330,115343.20000000,0.03850000,3928914,3928914,1675285566207,False,True
3742331,115384.50000000,0.03080000,3928915,3928915,1675285566441,False,True
3742332,115500.00000000,0.19670000,3928916,3928918,1675285585407,False,True
3742333,115530.00000000,0.60060000,3928919,3928919,1675285587489,False,True
3742334,115415.10000000,0.21120000,3928920,3928920,1675285618975,True,True
3742335,115415.10000000,0.39630000,3928921,3928921,1675285619138,True,True
3742336,115334.20000000,0.06060000,3928922,3928922,1675285629249,True,True
3742337,115530.00000000,0.39940000,3928923,3928923,1675285633515,False,True
3742338,115536.80000000,0.60060000,3928924,3928924,1675285633654,False,True
3742339,115536.80000000,0.12590000,3928925,3928925,1675285634207,False,True
3742340,115436.40000000,0.22610000,3928926,3928926,1675285639521,False,True
3742341,115239.70000000,0.15490000,3928927,3928927,1675285716190,True,True
3742342,115239.70000000,0.31780000,3928928,3928928,1675285716460,True,True
3742343,115239.70000000,0.13480000,3928929,3928929,1675285716747,True,True
3742344,115288.50000000,0.03830000,3928930,3928930,1675285765152,True,True
3742345,115344.20000000,0.00370000,3928931,3928931,1675285777505,True,True
3742346,115344.20000000,0.00370000,3928932,3928932,1675285777574,True,True
3742347,115344.20000000,0.00370000,3928933,3928933,1675285777757,True,True
3742348,115344.20000000,0.00370000,3928934,3928934,1675285777836,True,True
3742349,115344.20000000,0.00370000,3928935,3928935,1675285777898,True,True
3742350,115344.20000000,0.00370000,3928936,3928936,1675285778031,True,True
3742351,115344.20000000,0.00370000,3928937,3928937,1675285778098,True,True
3742352,115344.20000000,0.00370000,3928938,3928938,1675285778243,True,True
3742353,115344.20000000,0.00370000,3928939,3928939,1675285778363,True,True
3742354,115344.20000000,0.00370000,3928940,3928940,1675285778425,True,True
3742355,115344.20000000,0.00370000,3928941,3928941,1675285778490,True,True
3742356,115344.20000000,0.00370000,3928942,3928942,1675285778551,True,True
3742357,115344.20000000,0.00370000,3928943,3928943,1675285778605,True,True
3742358,115344.20000000,0.00370000,3928944,3928944,1675285778673,True,True
3742359,115367.30000000,0.06990000,3928945,3928945,1675285872678,True,True
3742360,115367.30000000,0.06990000,3928946,3928946,1675285872786,True,True
3742361,115110.90000000,0.01510000,3928947,3928947,1675285961270,True,True
3742362,115140.00000000,0.00540000,3928948,3928948,1675286155958,False,True
3742363,115140.00000000,0.16820000,3928949,3928949,1675286156763,False,True
3742364,115141.00000000,0.04340000,3928950,3928950,1675286156988,False,True
3742365,115142.50000000,0.10910000,3928951,3928951,1675286157220,False,True
3742366,115142.50000000,0.11180000,3928952,3928952,1675286174616,False,True
3742367,115241.00000000,0.06510000,3928953,3928953,1675286238902,False,True
3742368,115234.30000000,0.00470000,3928954,3928954,1675286240603,True,True
3742369,115234.30000000,0.07310000,3928955,3928955,1675286246183,True,True
3742370,115234.30000000,0.17080000,3928956,3928956,1675286246456,True,True
3742371,115266.60000000,0.12170000,3928957,3928957,1675286291769,True,True
3742372,115142.20000000,0.08520000,3928958,3928958,1675286370619,True,True
3742373,115142.20000000,0.08750000,3928959,3928959,1675286370624,True,True
3742374,115142.20000000,0.07960000,3928960,3928960,1675286370629,True,True
3742375,115077.50000000,0.00560000,3928961,3928961,1675286370629,True,True
3742376,115291.00000000,0.04800000,3928962,3928962,1675286517214,False,True
3742377,115291.00000000,0.01710000,3928963,3928963,1675286517582,False,True
3742378,115367.30000000,0.33470000,3928964,3928964,1675286535356,False,True
3742379,115328.70000000,0.25080000,3928965,3928965,1675286590517,True,True
3742380,115268.70000000,0.11810000,3928966,3928966,1675286591234,True,True
3742381,115335.10000000,0.06690000,3928967,3928967,1675286594220,True,True
3742382,115138.90000000,0.15340000,3928968,3928968,1675286799279,True,True
3742383,115132.60000000,0.15330000,3928969,3928969,1675286801282,True,True
3742384,115132.60000000,0.09870000,3928970,3928970,1675286802284,True,True
3742385,115084.20000000,0.05460000,3928971,3928971,1675286802284,True,True
3742386,115137.40000000,0.00130000,3928972,3928972,1675286849951,True,True
3742387,115137.40000000,0.00130000,3928973,3928973,1675286979665,True,True
3742388,115178.90000000,0.60750000,3928974,3928974,1675287041285,False,True
3742389,115178.90000000,0.00130000,3928975,3928975,1675287304755,True,True
3742390,115137.40000000,0.00130000,3928976,3928976,1675287554521,True,True
3742391,115158.00000000,0.09640000,3928977,3928977,1675287630396,False,True
3742392,115158.00000000,0.00130000,3928978,3928978,1675287715228,True,True
3742393,115116.30000000,0.00130000,3928979,3928979,1675287740826,False,True
3742394,114883.60000000,0.00970000,3928980,3928980,1675287994844,True,True
3742395,114893.90000000,0.01610000,3928981,3928981,1675288051172,True,True
3742396,114883.60000000,0.00130000,3928982,3928982,1675288076028,True,True
3742397,114857.00000000,0.01560000,3928983,3928983,1675288104319,True,True
3742398,114849.40000000,0.01520000,3928984,3928984,1675288105777,True,True
3742399,114849.40000000,0.04580000,3928985,3928985,1675288108322,True,True
3742400,114723.50000000,0.08820000,3928986,3928986,1675288218182,False,True
3742401,114822.70000000,0.01670000,3928987,3928987,1675288240569,False,True
3742402,114822.70000000,0.40640000,3928988,3928988,1675288280787,False,True
3742403,114849.40000000,0.00120000,3928989,3928989,1675288334215,False,True
3742404,114892.30000000,0.34150000,3928990,3928990,1675288387194,False,True
3742405,114865.90000000,0.34150000,3928991,3928991,1675288535490,True,True
3742406,114775.50000000,0.25240000,3928992,3928992,1675288644612,True,True
3742407,114745.10000000,0.60750000,3928993,3928993,1675288644612,True,True
3742408,114706.70000000,0.25080000,3928994,3928994,1675288644612,True,True
3742409,114703.30000000,0.03110000,3928995,3928995,1675288644612,True,True
3742410,114946.40000000,0.26250000,3928996,3928996,1675288810833,False,True
3742411,114946.40000000,0.34500000,3928997,3928997,1675288810892,False,True
3742412,115000.00000000,1.00010000,3928998,3928998,1675288820662,False,True
3742413,115112.10000000,0.00890000,3928999,3928999,1675288895525,True,True
3742414,115251.00000000,0.00960000,3929000,3929000,1675288990813,True,True
3742415,115367.00000000,0.00090000,3929001,3929001,1675288998153,False,True
3742416,115361.20000000,0.01440000,3929002,3929002,1675289001688,True,True
3742417,115367.00000000,0.01290000,3929003,3929003,1675289035290,False,True
3742418,115500.00000000,0.00090000,3929004,3929004,1675289601390,False,True
3742419,115502.40000000,0.06620000,3929005,3929005,1675289601454,False,True
3742420,115502.40000000,0.17750000,3929006,3929006,1675289602348,False,True
3742421,115555.00000000,0.02000000,3929007,3929007,1675289609822,False,True
3742422,115590.60000000,0.01300000,3929008,3929008,1675289613169,False,True
3742423,115596.70000000,0.11780000,3929009,3929009,1675289613169,False,True
3742424,115596.70000000,0.01300000,3929010,3929010,1675289613295,False,True
3742425,115596.90000000,0.01300000,3929011,3929011,1675289662103,False,True
3742426,115500.10000000,0.03870000,3929012,3929012,1675289702993,True,True
3742427,115500.10000000,0.02000000,3929013,3929013,1675289732320,True,True
3742428,115500.10000000,0.18500000,3929014,3929014,1675289733763,True,True
3742429,115500.00000000,0.50000000,3929015,3929015,1675289733818,True,True
3742430,115387.00000000,0.00170000,3929016,3929016,1675289830616,True,True
3742431,115505.40000000,0.00300000,3929017,3929017,1675290004604,False,True
3742432,115428.70000000,0.06080000,3929018,3929018,1675290008050,False,True
3742433,115581.30000000,0.22620000,3929019,3929019,1675290095974,False,True
3742434,115334.80000000,0.24840000,3929020,3929020,1675290367320,True,True
3742435,115271.40000000,0.01160000,3929021,3929021,1675290367320,True,True
3742436,115280.70000000,0.03120000,3929022,3929022,1675290742948,False,True
3742437,115037.80000000,0.00620000,3929023,3929023,1675291293853,True,True
3742438,115037.80000000,0.23380000,3929024,3929024,1675291305958,True,True
3742439,115037.70000000,0.41580000,3929025,3929025,1675291305958,True,True
3742440,114984.30000000,0.19170000,3929026,3929026,1675291349338,True,True
3742441,114978.90000000,0.01800000,3929027,3929027,1675291408993,True,True
3742442,114889.10000000,0.00910000,3929028,3929028,1675291521111,True,True
3742443,115107.60000000,0.06100000,3929029,3929029,1675291694897,True,True
3742444,115107.60000000,0.54650000,3929030,3929030,1675291782359,True,True
3742445,115107.50000000,0.00220000,3929031,3929031,1675292379022,False,True
3742446,114943.00000000,0.00370000,3929032,3929032,1675292392095,True,True
3742447,115046.90000000,0.25160000,3929033,3929033,1675292449982,True,True
3742448,115107.40000000,0.06090000,3929034,3929034,1675292524868,False,True
3742449,115107.50000000,0.11780000,3929035,3929035,1675292528928,False,True
3742450,115125.50000000,0.54660000,3929036,3929036,1675292529832,False,True
3742451,115370.20000000,0.00200000,3929037,3929037,1675292817488,False,True
3742452,115288.80000000,0.60750000,3929038,3929038,1675293617700,False,True
3742453,115370.20000000,0.22310000,3929039,3929039,1675293710419,False,True
3742454,115454.90000000,0.40170000,3929040,3929040,1675293713391,False,True
3742455,115547.90000000,0.18210000,3929041,3929041,1675293749516,False,True
3742456,115463.50000000,0.18210000,3929042,3929042,1675293811024,True,True
3742457,115328.60000000,0.01940000,3929043,3929043,1675294495724,True,True
3742458,115287.90000000,0.58810000,3929044,3929044,1675294652885,True,True
3742459,115227.60000000,0.00080000,3929045,3929045,1675295419974,False,True
3742460,115331.00000000,0.20440000,3929046,3929046,1675296335408,False,True
3742461,115331.00000000,0.19990000,3929047,3929047,1675296340958,False,True
3742462,115334.30000000,0.06080000,3929048,3929048,1675296427097,True,True
3742463,115414.20000000,0.26400000,3929049,3929049,1675296485324,False,True
3742464,115336.10000000,0.25080000,3929050,3929050,1675296552631,True,True
3742465,115286.30000000,0.25200000,3929051,3929051,1675296553498,True,True
3742466,115246.50000000,0.60750000,3929052,3929052,1675296554254,True,True
3742467,115239.30000000,0.25060000,3929053,3929053,1675296554718,True,True
3742468,115181.40000000,0.24260000,3929054,3929054,1675296556748,True,True
3742469,115308.20000000,0.25210000,3929055,3929055,1675296558965,True,True
3742470,115191.20000000,0.22470000,3929056,3929056,1675296783076,False,True
3742471,115531.90000000,0.04670000,3929057,3929057,1675297046721,False,True
3742472,115388.20000000,0.04660000,3929058,3929058,1675297155320,True,True
3742473,115330.00000000,0.10040000,3929059,3929059,1675297156475,True,True
3742474,115330.00000000,0.34930000,3929060,3929060,1675297156927,True,True
3742475,115597.00000000,0.00500000,3929061,3929061,1675297399645,False,True
3742476,115630.50000000,0.18060000,3929062,3929062,1675297423533,False,True
3742477,115630.50000000,0.10340000,3929063,3929063,1675297423676,False,True
3742478,115651.30000000,0.20390000,3929064,3929064,1675297423829,False,True
3742479,115651.30000000,0.05050000,3929065,3929065,1675297424106,False,True
3742480,115651.30000000,0.02540000,3929066,3929066,1675297424191,False,True
3742481,115651.30000000,0.01300000,3929067,3929067,1675297424242,False,True
3742482,115651.30000000,0.31470000,3929068,3929068,1675297424246,False,True
3742483,115667.40000000,0.00660000,3929069,3929069,1675297424310,False,True
3742484,115694.10000000,0.40060000,3929070,3929070,1675297424310,False,True
3742485,115729.30000000,0.01300000,3929071,3929071,1675297424338,False,True
3742486,115729.30000000,0.01770000,3929072,3929072,1675297424417,False,True
3742487,115764.70000000,0.60800000,3929073,3929073,1675297425139,False,True
3742488,115764.70000000,0.06230000,3929074,3929074,1675297425143,False,True
3742489,115800.00000000,0.00820000,3929075,3929075,1675297425180,False,True
3742490,115821.40000000,0.59980000,3929076,3929076,1675297425180,False,True
3742491,115821.40000000,0.19060000,3929077,3929077,1675297425219,False,True
3742492,115856.90000000,0.00170000,3929078,3929078,1675297425678,False,True
3742493,115866.00000000,0.00090000,3929079,3929079,1675297425678,False,True
3742494,115887.00000000,0.00090000,3929080,3929080,1675297425678,False,True
3742495,115906.80000000,0.60190000,3929081,3929081,1675297425678,False,True
3742496,115906.80000000,0.45500000,3929082,3929082,1675297425785,False,True
3742497,115980.10000000,0.00110000,3929083,3929083,1675297425862,False,True
3742498,115992.10000000,0.97140000,3929084,3929084,1675297425862,False,True
3742499,116000.00000000,3.72560000,3929085,3929089,1675297425862,False,True
3742500,116007.80000000,0.07000000,3929090,3929090,1675297425862,False,True
3742501,115835.80000000,0.40340000,3929091,3929091,1675297432336,False,True
3742502,115686.90000000,0.06980000,3929092,3929092,1675297515519,True,True
3742503,115687.00000000,0.08310000,3929093,3929093,1675297517790,True,True
3742504,115687.00000000,0.52440000,3929094,3929094,1675297517854,True,True
3742505,115460.50000000,0.60750000,3929095,3929095,1675297521852,True,True
3742506,115460.50000000,0.00380000,3929096,3929096,1675297521920,True,True
3742507,115419.80000000,0.25210000,3929097,3929097,1675297521920,True,True
3742508,115368.60000000,0.25090000,3929098,3929098,1675297521920,True,True
3742509,115318.80000000,0.10070000,3929099,3929099,1675297521920,True,True
3742510,115502.70000000,0.60750000,3929100,3929100,1675297586768,True,True
3742511,115502.70000000,0.00500000,3929101,3929101,1675297656389,True,True
3742512,115716.00000000,0.10610000,3929102,3929102,1675297840929,False,True
3742513,115716.00000000,0.50140000,3929103,3929103,1675297847310,False,True
3742514,116120.00000000,0.10000000,3929104,3929104,1675297988428,False,True
3742515,116100.00000000,0.14080000,3929105,3929105,1675297988642,False,True
3742516,115952.60000000,0.09100000,3929106,3929106,1675298050673,True,True
3742517,116182.30000000,0.00260000,3929107,3929107,1675298114807,False,True
3742518,116200.00000000,0.00100000,3929108,3929108,1675298172407,False,True
3742519,116208.10000000,0.00650000,3929109,3929109,1675298172407,False,True
3742520,116233.10000000,0.05450000,3929110,3929110,1675298172407,False,True
